2056 3326
907 148 1194 191 ...37-.

342 285 451 325 1411
477 282 501 321 b
526 283 578 324 10
603 276 720 333 (320,
742 281 782 329 5)
812 281 1070 322 Scribendum
1097 286 1179 322 erat
1207 280 1249 319 τὸ
1276 274 1489 335 ὓπόμνηνα,
1521 294 1598 321 non
1631 280 1896 334 μνημόνευμα.

342 356 450 396 1411
479 354 503 393 b
526 356 579 395 32
614 355 729 401 (820,
765 352 836 399 26)
869 353 1047 392 Postulat
1070 352 1251 404 Spengel,
1285 359 1326 391 ut
1351 365 1418 403 pro
1442 353 1556 392 verbo
1580 353 1760 399 facere,
1795 353 1898 403 quod

197 425 234 466 in
267 424 524 464 translatione
568 424 800 471 invenimus,
846 424 1019 462 dicere
1057 423 1272 469 scribatur-3
1312 424 1423 462 cuius
1466 423 1694 462 mutationis
1736 437 1898 463 eausam

196 509 322 548 neque
363 495 447 546 ipse
484 496 630 534 addidit
673 508 797 545 neque.
836 495 1045 545 quisquam
1089 494 1328 545 probabilem
1373 495 1510 544 poterit
1544 495 1696 533 addere.
1761 494 1900 533 Nonne

195 566 298 606 enim
333 566 524 617 interpres
558 566 659 604 idem
692 566 819 614 legere
853 570 1014 615 poterat,
1050 566 1152 615 quod
1187 565 1236 603 Ac
1267 565 1434 612 exhibet,
1470 565 1492 603 i.
1527 579 1559 606 e.
1594 565 1736 605 ποιεῐνῖ

339 639 449 679 1412
485 651 507 675 a
540 640 592 677 35
628 637 743 684 (322,
779 632 822 687 8)
856 636 1180 675 Coniunctionem
1215 635 1343 674 enim
1376 636 1536 675 Graecis
1569 637 1707 675 deesse
1730 635 1900 686 Spengel

196 708 337 748 iniuria
369 713 495 757 negat.

340 780 452 820 1418
486 792 508 817 a
541 781 595 818 36
628 777 748 827 (337,
787 775 858 828 16)
893 777 1055 816 Codices
1080 778 1263 816 exhibent
1295 775 1358 813 τὸν
1380 774 1486 824 θεόν,
1519 791 1596 816 non
1628 776 1695 830 τὴν
1717 774 1824 823 θεόν,
1859 783 1900 816 ut

196 849 367 900 Spengel
397 849 503 890 citat.

338 920 376 958 ln
411 919 487 958 fine
517 919 658 957 lzarmn
691 919 1006 957 emendationum
1048 919 1160 957 liceat
1203 918 1296 956 milii
1339 931 1496 957 monere
1529 918 1781 968 Spengelium
1823 932 1900 958 non

195 991 292 1030 bene
324 990 477 1036 secisse,
512 991 615 1040 quod
650 1003 726 1028 non
759 1003 895 1028 omnes
932 991 1049 1037 ineos,
1086 990 1227 1039 quibus
1263 995 1413 1028 vetusta
1447 990 1652 1028 translatio
1685 1004 1706 1028 a
1740 990 1900 1028 Graecis

194 1060 394 1100 codicibus
426 1061 635 1111 discrepat,
680 1061 799 1099 textui
834 1061 1065 1111 subscripsit
1101 1074 1147 1099 ne
1165 1074 1236 1110 flue,
1273 1061 1334 1099 ubi
1368 1074 1457 1098 cum
1491 1061 1638 1111 optimo
1671 1060 1803 1099 codice
1834 1065 1902 1100 aut

194 1144 284 1170 cum
316 1132 572 1171 deterioribus
606 1137 848 1180 congrueret,
884 1145 1039 1181 semper
1071 1132 1260 1170 distinxit.
1315 1132 1446 1182 ltaque
1480 1133 1532 1179 sit,
1566 1137 1606 1170 ut
1640 1132 1785 1170 multae
1816 1131 1900 1170 eius

194 1203 465 1243 adnotationes
498 1203 654 1242 inutiles
688 1203 777 1243 sint.
843 1203 891 1241 At
927 1204 1115 1241 nonnulla
1149 1209 1348 1252 tamquam
1387 1203 1504 1241 dubia
1538 1204 1596 1241 vel
1637 1202 1902 1252 discrepantia

193 1287 217 1312 a
239 1273 399 1313 Graecis
421 1274 578 1320 notavit,
613 1287 713 1324 quae
741 1274 786 1321 ei,
821 1274 885 1323 qui
917 1274 1274 1324 interpretationem
1298 1274 1503 1322 diligenter
1525 1274 1711 1320 excussit,
1747 1274 1896 1312 nullam

193 1345 353 1384 omnino
376 1345 642 1395 suspicionem
673 1350 839 1390 movent,
874 1358 963 1383 emn
987 1358 1087 1391 vero,
1108 1344 1171 1394 qui
1207 1344 1428 1394 interpretis
1462 1357 1577 1382 usum
1610 1357 1687 1382 non
1721 1343 1898 1394 respicit,

195 1415 384 1454 inducunt
416 1416 455 1455 in
488 1428 673 1456 errorem.
727 1415 868 1453 Paucis
902 1415 1093 1465 exemplis
1125 1415 1199 1452 hoc
1233 1414 1450 1453 illustrabo.
1506 1417 1616 1456 1389
1652 1429 1673 1453 a
1699 1417 1750 1455 16
1783 1411 1898 1465 (266,

196 1483 270 1536 30)
303 1487 463 1526 adnotat
495 1487 548 1525 ad
591 1506 639 1512 —
677 1479 741 1529 εἷς.
806 1486 891 1533 Qua
925 1486 1174 1524 adnotatione
1216 1486 1405 1524 deductus
1447 1486 1618 1536 opineris
1651 1486 1901 1536 interpretem

195 1558 298 1597 aliud
328 1571 373 1597 ac
403 1571 475 1597 nos
504 1558 660 1607 legisse,
694 1558 795 1608 quod
827 1570 902 1596 non
934 1557 988 1595 sic
1018 1570 1060 1595 se
1083 1557 1216 1602 liabet;
1249 1570 1339 1595 nam
1368 1557 1560 1607 interpres
1589 1549 1658 1599 εἰς
1682 1556 1905 1607 promiscue

196 1630 552 1679 praepositionibus
586 1629 635 1667 in
668 1634 704 1667 et
737 1629 793 1667 ad
827 1628 1032 1674 transscrt3
1066 1641 1111 1666 ex
1136 1627 1253 1666 XVlll
1286 1628 1394 1674 locis,
1430 1628 1571 1678 quibus
1604 1621 1674 1670 εἷς
1707 1627 1902 1678 praeposi·

196 1700 299 1739 tione
331 1701 386 1739 ad
421 1701 707 1750 interpretatur,
743 1705 910 1749 quatuor
943 1699 1115 1739 asseram.
1182 1701 1291 1739 1398
1326 1700 1350 1737 b
1384 1703 1436 1739 25
1472 1696 1588 1748 (289,
1625 1700 1665 1745 2)
1698 1693 1827 1748 ὦῦῖῖἓρ
1859 1696 1902 1734 τὸ

195 1766 248 1815 εἰς
283 1766 538 1824 Μιξιδημίδην
571 1765 672 1807 εἶπεν
704 1763 913 1822 Αὐτοκλῆς
948 1789 996 1795 —-
1034 1770 1365 1819 quemadmodum
1399 1771 1501 1820 quod
1535 1770 1582 1808 ad
1614 1769 1903 1809 Mixidemidem

195 1842 292 1882 dixit
323 1843 529 1888 Autoeles;
571 1844 677 1883 1401
717 1842 740 1879 b
776 1845 826 1882 15
862 1837 978 1891 (295,
1016 1842 1087 1891 13)
1126 1834 1205 1877 οἷον
1243 1837 1263 1877 ὃ
1302 1837 1404 1889 λέγει
1436 1836 1699 1893 Πολυκράτης
1730 1835 1784 1883 εἰς
1815 1837 1903 1882 τοὺς

194 1915 268 1965 μῦς
301 1933 351 1939 -
388 1918 483 1963 puta
514 1913 617 1963 quod
650 1912 742 1950 dicit
775 1912 999 1961 Polycrates
1032 1912 1079 1950 ad
1114 1925 1264 1957 mures3
1308 1913 1414 1952 1411
1443 1925 1465 1950 a
1490 1914 1537 1951 21
1577 1906 1693 1961 (319,
1730 1907 1802 1963 12)
1834 1908 1904 1946 ’καὶ

195 1983 239 2022 τὸ
271 1979 522 2022 [lomes-,2100
562 1977 616 2026 εἷς
648 1978 940 2035 ἀποπληκτικόν
972 1993 1053 2019 τινα
1086 1976 1326 2019 Sueba-,7:502
1361 2002 1411 2008 —
1447 1988 1482 2020 et
1514 1981 1687 2020 Polueeti
1726 1982 1774 2020 ad
1813 1994 1903 2031 apo-

195 2056 380 2106 pleticum
413 2055 608 2105 quendam
642 2054 931 2104 Speusippum3
968 2057 1078 2094 1415
1113 2068 1135 2092 a
1170 2057 1222 2094 14
1256 2050 1371 2103 (328,
1393 2049 1464 2105 28)
1499 2047 1519 2089 ὁ
1552 2049 1643 2096 δοὺς
1675 2046 1741 2090 οὖν
1773 2045 1902 2103 ὥσπερ

198 2120 253 2170 εἷς
283 2124 352 2178 τὴν
383 2127 499 2177 χεῖρα
534 2145 583 2152 —-
620 2126 700 2164 vias
733 2125 849 2174 igitur
882 2125 981 2164 sicut
1014 2130 1052 2163 at
1085 2138 1260 2165 manum.

338 2196 450 2234 Aliae
482 2195 565 2234 eius
588 2196 739 2245 generis
763 2196 1034 2234 adnotationes
1068 2201 1180 2234 sunt:
1217 2197 1329 2235 1366
1363 2209 1385 2233 a
1410 2197 1461 2235 27
1497 2191 1612 2245 (209,
1649 2192 1720 2247 18)
1757 2214 1804 2221 -
1832 2207 1904 2233 nos

195 2262 304 2320 ἡμᾶς
334 2277 386 2314 τε,
431 2267 569 2305 deinde
604 2269 712 2307 1371
751 2280 771 2305 a
806 2269 858 2307 16
893 2262 1012 2316 (222,
1048 2261 1118 2317 15)
1164 2266 1288 2316 ipsius
1335 2286 1383 2292 —
1428 2259 1549 2318 αὒτῆς
1587 2276 1642 2314 γε,
1707 2264 1905 2312 Quorsum

197 2338 293 2377 haec
325 2337 564 2388 exscripsit?
617 2337 756 2376 Nonne
789 2337 881 2376 vidit
914 2337 1162 2387 interpretem
1198 2337 1381 2375 omnibus
1415 2337 1493 2374 fere
1524 2336 1621 2374 loeis
1651 2347 1690 2372 τε
1712 2336 1906 2385 negligere

197 2414 234 2450 et
266 2409 500 2460 particulam
531 2419 574 2456 γε
606 2408 667 2446 vix
702 2409 824 2446 semel
855 2409 970 2446 verbo
1004 2408 1142 2446 Latino
1175 2407 1425 2458 exprimere?
1487 2407 1572 2446 Hoc
1604 2407 1771 2457 denique
1802 2412 1906 2445 note-

197 2485 271 2519 tur.
337 2483 451 2521 1386
486 2481 509 2518 b
542 2482 593 2520 31
630 2476 745 2530 (261,
781 2477 853 2529 20)
887 2479 1032 2517 faciunt
1069 2499 1116 2504 —
1154 2480 1263 2516 ποιεῖ.
1329 2478 1510 2525 Quonam
1554 2479 1669 2517 modo
1715 2478 1906 2528 interpres

198 2555 332 2590 noster
363 2551 495 2590 debuit
527 2556 687 2598 vertere,
722 2563 810 2589 eum
844 2545 964 2603 ἄμφω
998 2551 1176 2596 (neutr.
1212 2546 1361 2601 plur.)
1397 2549 1445 2588 sit
1478 2550 1729 2588 subiectum?

341 2622 425 2661 Hos
457 2622 640 2672 Spengeli
672 2634 824 2660 errores
859 2626 1067 2671 postquam
1092 2620 1255 2667 correxi,
1298 2633 1429 2670 cogor,
1463 2633 1539 2670 quo
1572 2620 1716 2659 certius
1749 2632 1794 2658 ac
1826 2620 1905 2665 bre,

200 2691 285 2731 vius
317 2693 586 2743 quaestionem
630 2693 770 2743 ipsam,
812 2705 931 2742 quam
965 2692 1059 2730 mihi
1094 2691 1293 2741 proposui,
1337 2692 1554 2742 expediam,
1598 2691 1787 2729 nonnulla
1825 2703 1908 2739 gra·

203 2763 310 2802 viora
342 2763 611 2802 translationis
645 2764 786 2802 menda
819 2763 958 2809 delere,
994 2776 1092 2812 quae
1125 2763 1270 2801 auxilio
1304 2762 1483 2800 codicum
1525 2761 1655 2800 sanari
1690 2773 1766 2799 non
1801 2760 1908 2810 potu-

202 2839 325 2874 erant.
391 2834 477 2881 Quo
518 2847 679 2873 munere
720 2835 773 2873 ita
805 2835 956 2883 fungar,
997 2838 1037 2871 ut
1081 2833 1174 2872 nihil
1217 2833 1291 2872 nisi
1333 2847 1400 2872 eos
1442 2834 1550 2874 locos
1583 2832 1784 2881 attingam,
1830 2830 1909 2869 ubi-

203 2910 334 2945 utrum
368 2905 484 2944 verba
516 2905 653 2944 Latina
685 2910 868 2955 corrupta
901 2904 977 2942 sint
1011 2918 1060 2943 an
1091 2904 1283 2955 interpres
1316 2904 1394 2944 alia
1425 2903 1570 2953 legerit,
1606 2915 1667 2941 me
1698 2901 1910 2940 diiudicare
