2056 3326
880 123 1164 166 „48-

177 274 270 300 nam
307 274 354 300 ex
392 258 614 307 vulgaribus
656 256 781 294 verbis
818 254 886 307 τὴν
920 251 1028 290 λείαν
1064 255 1260 304 singulare
1296 251 1430 307 τηλίαν
1468 256 1675 294 emendare
1712 253 1867 306 potuit?

178 331 274 378 Quis
306 344 352 369 ex
385 329 529 368 usitato
561 327 678 365 verbo
710 324 900 377 χρηστέον
931 325 1057 362 rarius
1089 323 1333 375 χρονιστέονῖ)
1377 325 1473 371 Quis
1505 339 1552 364 ex
1584 326 1682 363 miro
1714 319 1871 376 ῥιπίδιον

178 401 307 448 (1413
326 414 349 439 a
365 403 455 439 6=
470 401 566 444 323,
592 399 645 436 20
668 391 884 445 flabellum)
916 399 1052 444 aptum
1069 388 1258 444 ἐρείπιονὶ)
1293 395 1401 443 Quis,
1422 409 1482 445 pei
1506 397 1598 434 deos
1615 396 1868 443 immortales,

178 485 224 509 ex
245 469 476 520 pravissima
493 467 687 516 scriptura
703 461 911 506 κάλλιστος
927 458 952 515 ἢ
969 463 1153 507 κάκιστος
1168 465 1280 503 unice
1297 478 1427 503 veram
1455 466 1660 504 lectionem
1674 459 1870 509 Καύνιοςῗ

322 540 405 578 Hac
439 551 592 588 quoque
624 536 806 586 opinione
839 535 1037 573 confutata
1070 539 1202 581 restat,
1236 539 1278 572 ut
1309 534 1502 584 interpres
1544 535 1718 573 codicem
1750 530 1870 574 hab'u-

177 612 260 659 erit,
295 623 410 660 quem
443 608 576 647 nescio
609 607 696 657 quis
728 611 935 655 utramque
966 605 1156 643 familiam
1179 618 1415 655 comparans
1441 605 1695 646 contexuerit.
1728 605 1870 644 Mirum

180 681 402 720 mehercule
434 679 578 717 virum!
644 676 814 715 Sinceris
846 675 1078 714 lectionibus
1112 688 1200 713 eum
1232 676 1460 714 antetulisse
1492 676 1742 724 adulterinas,
1775 677 1870 715 diffi-

179 752 273 790 ciles
306 750 496 796 facilibus,
531 747 710 786 dilucidis
742 747 932 785 obscuras
966 750 1081 795 atque
1113 746 1208 783 adeo
1241 746 1348 784 omni
1381 759 1498 784 sensu
1531 751 1725 785 carentes!
1758 746 1871 785 Prae-

178 827 282 861 terea
313 821 351 859 in
382 820 456 858 hac
489 818 727 864 recensione,
763 816 796 854 si
827 816 881 854 ita
914 816 1017 854 facta
1049 816 1110 862 sit,
1160 828 1320 854 necesse
1353 830 1441 855 esse
1473 817 1571 855 nihil
1602 816 1764 855 inveniri
1796 816 1873 854 nisi

181 893 328 938 eadem,
363 903 463 940 quae
494 890 530 927 in
564 889 641 927 illis
674 888 825 926 duabus
858 887 1037 933 familiis,
1086 886 1123 924 id
1156 899 1270 924 nemo
1314 900 1391 925 non
1425 889 1622 926 concedet.
1687 887 1871 937 Egregias

178 963 294 1011 igitur
324 960 524 1006 lectiones,
559 971 657 1008 quae
688 958 728 996 in
759 957 1015 995 translatione
1046 956 1109 994 hic
1143 956 1219 994 illic
1252 957 1364 995 nobis
1398 963 1629 1005 occurrunt,
1672 971 1765 996 num
1798 957 1872 996 iste

179 1032 422 1081 conscriptor
454 1030 608 1079 ingenio
641 1041 712 1067 suo
745 1027 956 1066 divinavit?
1008 1026 1179 1065 Minime.
1225 1026 1415 1065 Universa
1456 1028 1667 1066 lectionum
1706 1028 1872 1066 varietas

178 1103 242 1153 qui
275 1101 399 1152 potuit
431 1100 553 1147 nasci,
588 1099 621 1137 si
652 1099 748 1137 liber
781 1097 1003 1148 interpretis
1036 1111 1083 1135 ex
1115 1098 1267 1135 duabus
1311 1098 1456 1135 nostris
1489 1098 1647 1136 familiis
1687 1098 1872 1136 contami-

183 1178 300 1213 natus
333 1174 419 1210 est?
475 1170 535 1208 An
568 1170 665 1208 haec
697 1168 828 1207 omnia
861 1181 955 1206 casu
987 1180 1033 1206 ac
1066 1167 1221 1206 fortuito
1255 1167 1504 1206 acciderunt?
1559 1169 1654 1215 Quis
1693 1174 1770 1216 est,
1809 1165 1875 1218 qui

178 1245 253 1283 hoc
286 1242 523 1281 contendat?
556 1240 657 1289 Ergo
690 1239 752 1277 his
784 1239 968 1277 omnibus
1001 1237 1251 1288 opinionibus
1285 1238 1487 1276 dissolutis
1515 1239 1708 1288 reliquum
1729 1243 1800 1282 est,
1832 1243 1874 1278 ut

180 1318 331 1353 vetusta
363 1312 621 1351 translatione
652 1310 814 1350 tertia
847 1310 1026 1348 codicum
1059 1308 1208 1347 familia
1238 1309 1352 1347 nobis
1386 1314 1537 1348 servata
1569 1310 1631 1349 sit.-

318 1384 445 1434 Atque
477 1388 519 1421 ut
550 1388 587 1420 et
608 1382 708 1420 hanc
732 1386 768 1420 et
791 1381 1012 1431 superiores
1035 1379 1392 1428 argumentationes
1415 1381 1538 1418 multo
1562 1379 1686 1429 magis
1709 1379 1872 1427 firmem,

178 1457 336 1495 tandem
369 1454 577 1504 aliquando
611 1452 772 1499 faciam,
822 1452 925 1502 quod
958 1451 1035 1490 iam
1074 1451 1219 1500 pridem
1254 1450 1450 1500 pollicitus
1484 1464 1584 1491 sum.
1647 1452 1875 1490 Lectionum

178 1530 354 1564 vetustae
386 1523 654 1562 translationis
689 1522 943 1573 propriarum
976 1521 1014 1559 in
1048 1534 1235 1572 praesens
1260 1522 1399 1559 saltem
1432 1534 1510 1569 eas,
1545 1522 1704 1572 quaein
1726 1523 1753 1561 1.
1777 1522 1874 1561 libro

179 1601 281 1643 sunt,
315 1596 352 1634 in
386 1595 558 1633 medium
592 1594 800 1644 proferam.
866 1593 951 1632 Hoc
985 1605 1138 1642 quoquc
1170 1605 1314 1630 munus
1349 1606 1465 1642 quam
1498 1593 1728 1632 brevissime
1749 1593 1876 1632 absol·

178 1681 278 1714 vam,
312 1680 360 1705 ne
391 1667 520 1712 rebus,
554 1678 653 1715 quae
685 1665 733 1703 ad
765 1665 866 1702 hanc
900 1663 1169 1714 quaestionem
1201 1663 1330 1713 ipsam
1353 1676 1431 1701 non
1464 1664 1670 1714 pertinent,
1703 1664 1875 1713 legentes

180 1737 351 1786 fatigem.
414 1737 547 1786 Itaque
579 1749 644 1774 eos
676 1736 808 1782 locos,
852 1735 917 1784 qui
951 1734 1043 1784 quin
1087 1733 1308 1783 depravatis
1354 1734 1482 1772 solum
1514 1734 1640 1772 verbis
1673 1733 1821 1772 Latinis
1853 1746 1876 1772 a

180 1807 339 1848 Graecis
371 1807 592 1856 discrepent
625 1805 786 1844 dubium
818 1818 893 1843 non
928 1809 998 1852 est,
1033 1804 1170 1842 deinde.
1203 1817 1282 1851 eos,
1316 1804 1381 1842 ubi
1415 1809 1482 1843 aut
1504 1804 1670 1854 Spengel
1704 1809 1771 1843 aut
1802 1817 1872 1854 ego

179 1879 408 1918 varietatem
431 1877 534 1915 haud
557 1877 704 1915 incerta
727 1875 996 1914 emendatione
1019 1875 1263 1923 sustulimus,
1297 1875 1488 1915 omittam.
1533 1876 1874 1925 Supervacaneum

181 1949 346 1999 denique
379 1954 473 1998 puto
505 1947 761 1986 creberrimos
794 1947 882 1984 illos
914 1947 1022 1984 locos
1064 1950 1218 1993 notare,
1263 1945 1403 1995 quibus
1436 1945 1628 1996 interpres
1662 1946 1873 1996 particulas

181 2020 350 2059 Graecas
374 2020 432 2067 (ut
455 2017 533 2070 μέν,
557 2015 609 2062 δέ,
631 2017 716 2069 γάρ,
740 2012 816 2062 οὖν,
839 2016 892 2066 γε,
914 2016 970 2064 τε)
1005 2017 1186 2066 neglexit.
1220 2017 1276 2055 Ex
1309 2017 1376 2055 tali
1409 2017 1511 2055 enim
1544 2017 1744 2067 diligentia
1777 2017 1875 2056 nihil
1918 2015 1924 2018 '

185 2090 344 2128 omnino
378 2090 525 2128 fructus
560 2089 784 2139 percipitur.

325 2162 437 2200 1354
461 2173 483 2198 a
506 2163 528 2200 2
554 2160 668 2207 (178,
693 2158 734 2205 2)
769 2158 1028 2197 communiter
1061 2154 1132 2207 (··—-
1155 2160 1303 2201 κοινῶς,
1336 2154 1462 2208 κοινῇ)
1497 2178 1548 2185 --
1572 2157 1695 2198 κοινά.
1727 2156 1875 2197 Referri

184 2235 310 2281 potest
341 2231 566 2270 adverbium
599 2231 646 2268 ad
674 2224 911 2273 ‚,0v‘.7t0'v.wc‹uv“.

324 2305 436 2342 1354
460 2314 482 2339 a
506 2303 557 2340 10
592 2300 706 2348 (178,
734 2300 803 2347 10)
835 2300 950 2338 huius
984 2312 1146 2338 causam
1170 2319 1221 2325 —-
1247 2296 1314 2351 τὴν
1347 2292 1478 2336 αἰτίαν.
1523 2299 1772 2350 Superssuum
1791 2313 1876 2351 pro-

182 2385 324 2412 nomen
355 2369 488 2408 τοῦτου
520 2371 675 2409 exhibet
707 2371 824 2409 etiam
857 2371 902 2418 Q.

325 2444 437 2483 1354
470 2455 492 2480 a
526 2444 577 2482 12
614 2437 729 2491 (178,
766 2437 837 2490 13)
876 2442 1005 2491 adepti
1039 2446 1129 2480 sunt
1157 2462 1201 2468 —-
1228 2440 1496 2493 πεποιήκασινς
1529 2454 1651 2491 marg.
1684 2442 1735 2480 Ae
1755 2451 1876 2479 πεπο-

179 2511 320 2564 ρίκασι.
396 2512 496 2552 Cum
537 2512 727 2562 interpres
770 2512 932 2562 ubique,
973 2513 1074 2563 quod
1118 2512 1381 2560 meminerim,
1427 2511 1588 2563 πορίζειν
1629 2513 1745 2552 verbo
1792 2525 1877 2552 ac-

181 2584 387 2634 quirere
418 2584 564 2631 reddat,
598 2584 713 2621 verbo
747 2582 970 2633 adipisci
1010 2588 1140 2622 autem
1162 2595 1240 2621 uno
1262 2583 1348 2621 loco
1386 2579 1514 2634 (1387
1534 2584 1557 2622 b
1583 2587 1604 2624 5
1626 2596 1679 2618 =
1699 2587 1795 2632 262,
1821 2586 1874 2625 30

181 2651 354 2691 ’κτᾶσθαι
387 2666 440 2689 =
476 2650 679 2706 adipisci*)
721 2653 824 2692 aliud
862 2655 1022 2693 verbum
1054 2653 1287 2704 respondeat
1327 2666 1372 2691 ac
1413 2653 1628 2706 τυγχάνειν,
1671 2654 1746 2693 hoc
1778 2667 1878 2705 quo·

326 2758 358 2799 ²⁸²)
388 2757 463 2791 Hac
489 2756 721 2790 adnotatione
748 2756 923 2800 corrigere
961 2756 1093 2801 possis,
1134 2755 1230 2800 quod
1256 2755 1408 2799 Spengel
1445 2756 1604 2791 affirmat
1642 2755 1678 2791 in
1704 2767 1746 2791 eo
1771 2756 1874 2798 libro,

183 2816 245 2861 qui
271 2815 494 2851 inscribitur:
530 2809 622 2850 Cher
656 2815 712 2848 die
739 2813 912 2849 Rhetorik
939 2815 1001 2849 des
1027 2815 1134 2849 Arist.
1165 2813 1250 2848 1851
1288 2826 1321 2858 p.
1349 2813 1409 2849 53:
1445 2814 1638 2859 „adipisci“
1678 2815 1875 2860 gebraucht

183 2885 221 2910 er
246 2885 351 2917 nur,
377 2881 483 2909 wenn
510 2874 557 2908 im
585 2873 841 2908 Griechischen
867 2872 1034 2919 τυγχάνειν
1058 2871 1165 2908 steht.

2018 378 2030 398 2=
2006 198 2032 350 amaram
2011 151 2014 153 ’
2007 124 2009 127 ’

2026 1093 2034 1099 ,
2011 587 2038 1058 ωωωωαωαω
1994 422 2034 574 nanu-⁴¹5⁷

2030 1567 2037 1582 .-
2006 1274 2037 1530 ⁴=M.-'d·w-r1¹kss‘i.t=:
2030 1248 2033 1249 η
2021 1203 2035 1214 ιι
2029 1159 2035 1186 ψ..
