2056 3326
898 169 1182 212 *50*

343 305 451 346 1355
487 318 507 342 a
541 305 593 343 38
629 298 743 354 (181,
780 305 850 348 24)
885 314 970 339 vere
1007 323 1051 327 —-
1090 296 1244 345 ἁπλῶςς
1276 314 1397 351 marg.
1433 302 1483 341 Ae
1511 295 1689 355 ἀληθῶς.

344 380 451 417 1355
476 376 498 412 b
524 378 545 414 2
571 374 683 419 (181,
711 370 781 423 27)
803 371 986 421 quoniam
1014 392 1060 398 —
1089 367 1162 416 ὄτι;
1193 373 1335 421 legisse
1368 373 1513 411 videtur
1545 368 1625 409 ἐπεί
1658 374 1712 411 vel
1747 368 1886 426 ἐπειδή.

342 451 450 486 1355
485 446 508 482 b
543 448 566 484 4
600 444 713 489 (181,
740 443 809 488 29)
842 442 1014 491 exeeptis
1049 443 1252 481 virtutibus
1289 462 1336 469 —-
1374 439 1473 493 πλὴν
1504 437 1654 495 ἀρετῆς.

343 519 452 556 1355
487 516 510 552 b
546 517 568 553 6
602 514 786 563 (182,1)
820 513 961 550 talibus
996 534 1045 538 —
1080 511 1236 556 τοὺτοις.

343 589 450 626 1355
486 587 508 623 b
544 588 593 624 12
636 579 758 634 (182,
797 580 837 633 T)
875 583 1023 620 artibus
1063 604 1108 609 —
1144 583 1298 635 τέχναις
1339 581 1498 627 πάσαιςς
1540 584 1705 622 fortasse
1746 584 1890 622 omni-

201 660 288 696 bus
323 657 474 695 excidit.

205 773 207 775 ,
342 730 451 767 1355
486 727 508 763 b
545 729 594 765 12
630 721 746 774 (182,
768 721 809 775 7)
845 724 1030 762 sanitates
1065 718 1146 775 (alii
1180 725 1464 763 sanitatem
1497 730 1594 764 teste
1615 722 1803 776 Victorio)
1840 745 1887 751 —

200 792 303 846 '‘xsto‘tz
336 797 478 835 invenit
510 796 624 844 igitur
657 787 765 842 ΰγῐας
799 800 864 832 aut
896 788 1013 842 ὒγίαν.

950 865 1075 915 Caput
1109 869 1145 905 2.

347 940 456 977 1355
492 938 514 974 b
551 940 603 975 26
638 932 752 986 (182,
789 932 860 986 20)
895 941 953 973 est
987 936 1116 985 itaque
1150 956 1198 961 —-
1235 931 1330 972 ἔστω
1363 932 1423 988 δή.

341 1008 504 1046 Ibidem:
541 1006 713 1056 potentia
746 1006 938 1044 rhetorica
972 1026 1021 1032 ——
1057 1000 1241 1058 ῥητορικὴ
1273 1003 1442 1058 &vanoque

344 1081 453 1118 1356
487 1092 508 1116 a
543 1079 564 1116 3
600 1079 714 1127 (183,
751 1074 822 1128 10)
856 1077 1008 1126 disponi
1045 1097 1094 1102 --
1130 1073 1339 1121 &affatuum
1374 1077 1514 1125 legitne
1545 1072 1816 1116 διατίθεσθαιῖ

345 1151 453 1188 1356
489 1162 509 1186 a
543 1150 565 1188 8
609 1144 723 1199 (183,
767 1144 837 1198 15)
881 1148 1087 1197 utrumque
1125 1147 1332 1197 opinamur
1373 1168 1422 1172 —-
1463 1146 1504 1183 τὸ
1546 1142 1776 1199 ἀμφιδοξεῖν,
1841 1147 1895 1184 ln-

202 1221 352 1258 venisse
385 1220 532 1257 videtur
565 1213 861 1270 ἀμφιδοξοῦμεν.
914 1218 999 1264 Qua
1031 1219 1077 1256 de
1110 1231 1228 1256 causa
1263 1216 1431 1267 Spengel
1464 1212 1622 1263 dubitet,
1658 1229 1751 1254 num
1783 1217 1896 1254 inter-

203 1304 290 1341 pres
314 1285 390 1327 ἐπ’,
414 1291 558 1339 legerit,
595 1302 712 1338 quam
746 1289 979 1338 scripturam
1014 1295 1049 1326 et
1083 1289 1166 1338 ipse
1189 1289 1308 1326 codex
1333 1289 1383 1325 Αο
1405 1288 1574 1337 praebet,
1610 1299 1686 1325 non
1709 1287 1895 1336 intelligo.

346 1365 455 1402 1356
489 1374 511 1399 a
545 1364 567 1400 9
601 1358 714 1410 (183,
753 1356 1030 1409 15).aecidere
1063 1359 1135 1397 hoc
1172 1379 1218 1384 --
1255 1361 1363 1395 τοῦτο
1395 1350 1621 1409 σῡμβαίνειν.

348 1435 457 1472 1356
481 1446 502 1470 a
527 1436 550 1471 9
575 1427 689 1482 (183,
716 1428 787 1481 16)
822 1431 944 1470 male:
980 1443 1057 1468 non
1093 1443 1158 1480 per
1191 1430 1418 1476 orationem,
1454 1429 1520 1467 sed
1555 1433 1712 1478 propter
1744 1427 1894 1478 opinari

204 1504 289 1554 (sed
322 1517 360 1541 m
393 1516 457 1541 οη]
490 1515 603 1549 non,
638 1502 775 1539 deinde
798 1501 852 1540 M:
888 1501 1146 1551 praeopinari,
1181 1514 1239 1539 m:
1282 1499 1494 1550 inopinari)
1519 1520 1569 1525 —-
1595 1496 1656 1536 διὰ
1686 1501 1751 1536 τοῦ
1779 1495 1899 1548 λόγου

204 1574 254 1624 (Q
271 1574 363 1612 YZ:
399 1570 460 1610 διὰ
492 1571 554 1609 τὸν
585 1569 728 1624 λόγον),
762 1567 866 1608 ἀλλὰ
899 1570 953 1624 μὴ
987 1568 1047 1608 διὰ
1080 1574 1144 1608 τοῦ
1176 1567 1498 1622 προδεδοξάσθαι.

348 1648 458 1686 1356
493 1658 514 1682 a
550 1646 599 1683 17
636 1639 750 1693 (183,
787 1640 858 1694 23)
892 1656 956 1680 cm
989 1645 1066 1687 νῠν;
1104 1648 1277 1681 tentasse
1312 1663 1360 1668 —
1397 1639 1617 1693 πειρᾶσθαι.

350 1718 460 1755 1356
485 1729 507 1752 a
533 1717 582 1754 19
617 1711 734 1764 (185',
761 1711 831 1764 26)
865 1714 1059 1751 credimus
1093 1734 1143 1740 ——
1178 1712 1408 1757 moesoouog
1442 1718 1649 1762 utrumque
1680 1711 1899 1750 delendum.

351 1789 461 1825 1356
495 1799 517 1823 a
552 1788 602 1824 22
637 1781 752 1835 (183,
789 1782 859 1836 29)
906 1783 1152 1822 considerare
1185 1797 1283 1833 quae
1316 1785 1417 1821 eirca
1451 1796 1579 1821 mores
1615 1804 1664 1808 —
1700 1779 1901 1834 θεωρῆσαι

207 1855 292 1909 περὶ
323 1857 390 1901 τάς
423 1856 565 1905 legisse
596 1856 764 1893 videtur:
799 1854 845 1891 τὰ.
877 1853 962 1906 περὶ
992 1855 1052 1896 τά,

353 1930 463 1969 1356
498 1940 520 1965 a
554 1931 604 1967 25
640 1924 756 1975 (184,
794 1923 835 1978 1)
878 1927 1058 1964 adnatain
1103 1931 1252 1976 partem
1293 1926 1487 1975 quandam
1525 1945 1574 1950 --
1610 1922 1811 1977 παραφυές
1852 1933 1902 1970 τι;

213 2011 544 2049 supervacaneum
579 1997 695 2048 μέρος
727 1997 882 2035 exhibet
914 1997 1029 2035 etiam
1065 2009 1185 2045 marg.
1211 1997 1260 2034 Ac
1293 1997 1418 2046 prima
1451 2009 1580 2034 manu.

354 2072 463 2110 1356
498 2082 520 2106 a
553 2071 605 2108 30
639 2064 753 2118 (184,
789 2066 832 2119 6)
865 2068 1037 2117 egregie:
1074 2082 1095 2117 p
1111 2072 1296 2117 ropter.
1332 2067 1467 2105 Graeci
1501 2062 1545 2102 δι’
1575 2066 1675 2104 male
1706 2065 1902 2112 omittunt,

212 2142 314 2191 quod
346 2135 395 2177 ΔΙ
432 2145 518 2190 post
552 2134 646 2175 ΚΑΙ
685 2139 797 2176 facile
829 2139 1055 2178 intercidere
1090 2139 1224 2189 potnit.

357 2214 467 2252 1356
501 2225 523 2249 a
557 2214 607 2250 32
644 2207 758 2260 (184,
793 2208 837 2262 8)
871 2211 1009 2249 harum
1045 2230 1095 2236 -—
1131 2203 1266 2250 αὐτῶν,

357 2286 466 2323 1356
500 2283 523 2319 b
559 2286 609 2322 13
645 2280 760 2332 (184,
797 2282 867 2333 25)
899 2282 1102 2320 ostendere
1137 2301 1186 2306 --
1222 2277 1457 2318 δείκνυσθαι.

355 2357 467 2396 1356
501 2353 524 2392 b
560 2356 610 2393 16
645 2351 760 2403 (184,
796 2351 867 2405 28)
902 2366 964 2391 om
999 2348 1174 2404 p1*ius·.'r]

358 2428 468 2467 1356
502 2425 524 2462 b
560 2428 609 2465 18
645 2424 758 2476 (184,
795 2422 866 2477 30)
910 2425 993 2462 Hoc
1033 2425 1120 2462 loco
1162 2429 1264 2461 errat
1296 2422 1475 2472 Spengel,
1520 2434 1609 2458 curn
1651 2419 1753 2457 dicat
1794 2418 1908 2457 intel·-

217 2502 364 2548 preten]
387 2496 566 2534 omittere
588 2493 706 2539 „mei”
729 2501 765 2533 et
787 2490 958 2544 ἀγαθόν;
992 2509 1081 2533 nan]
1105 2495 1141 2533 M
1159 2509 1195 2532 ni
1215 2494 1243 2531 Ε
1266 2493 1470 2543 praebent:
1506 2490 1754 2529 manifestum
1778 2495 1907 2528 autem

215 2575 260 2608 et
292 2568 406 2619 quod.
472 2567 627 2605 Rectius
662 2567 775 2615 igitur
808 2567 908 2604 idem
938 2566 1102 2616 Spengel
1138 2566 1229 2603 dicit
1261 2564 1289 2602 lI
1326 2567 1390 2608 56,
1426 2564 1675 2613 interpretem
1707 2565 1838 2611 aperte
1869 2559 1907 2599 in

217 2640 315 2678 libro
350 2653 420 2678 sno
455 2639 648 2677 invenisse
681 2637 843 2691 φανερὸν
876 2634 916 2674 δὲ
949 2636 1016 2674 καὶ
1049 2632 1114 2681 ὅτι,
1147 2637 1248 2686 qnod
1282 2634 1488 2684 Dionysius
1523 2633 1716 2683 praebeat.

362 2712 471 2750 1356
495 2710 517 2748 b
543 2713 592 2750 19
618 2708 731 2761 (184,
758 2706 830 2759 31)
864 2715 992 2747 auten]
1019 2727 1067 2733 --
1098 2707 1183 2757 γάρ.
1216 2707 1249 2744 Μ
1276 2705 1305 2743 V
1329 2706 1443 2743 inire:
1480 2704 1638 2755 topicis:
1673 2698 1909 2755 μεθοδικοῖς.

367 2784 476 2822 1356
510 2781 534 2819 b
569 2786 619 2820 22
656 2778 771 2831 (185,
798 2783 840 2831 3)
877 2778 1130 2830 persuasibile
1166 2798 1212 2803 —-
1249 2773 1415 2813 πιθανοὶ.

363 2856 472 2892 1356
506 2852 529 2890 b
564 2854 616 2891 36
649 2848 763 2902 (185,
792 2850 862 2902 16)
897 2849 1127 2900 opportunis
1164 2868 1213 2874 —-·
1247 2841 1293 2884 ἐκ
1320 2851 1392 2884 τῶν
1423 2844 1541 2896 λόγου
1572 2843 1772 2898 δεομένων.
1807 2838 1910 2890 (δεό-

219 2934 330 2979 μενος
356 2935 407 2957 =
431 2929 749 2974 opportunus
774 2923 888 2961 etiam
915 2923 1023 2962 1357
1050 2934 1072 2959 a
1096 2924 1118 2961 9
1145 2916 1259 2971 (185,
1283 2916 1356 2971 25)
1379 2925 1415 2957 et
1440 2921 1549 2960 1385
1569 2933 1591 2956 a
1610 2919 1663 2958 20
1687 2913 1802 2969 (257,
1823 2911 1907 2967 21).
