2056 3326
860 148 1146 193 -46--

304 285 413 323 1388
433 296 455 321 a
478 286 530 322 29
565 282 678 329 (265,
705 281 744 327 1)
776 277 930 333 ἔχουσιν
961 275 997 317 οἱ
1028 279 1230 334 ζηλοῦντες
1263 302 1314 308 —
1347 278 1504 334 ἔχοντες
1533 279 1689 336 ζηλοῦσι
1719 290 1762 323 ut
1786 284 1848 325 Ae.

305 356 413 394 1389
432 367 453 391 a
472 355 522 392 37
545 353 658 399 (267,
678 351 748 397 20)
770 349 839 387 καὶ
861 347 1069 403 φιλέταιροι
1088 371 1139 378 ——
1158 349 1226 388 καὶ
1247 348 1351 404 φίλοι
1366 350 1434 388 καὶ
1451 349 1661 405 φιλέταιροι
1682 367 1770 393 cum
1788 355 1852 396 Ac.

303 425 412 463 1390
437 436 459 460 a
481 425 506 462 4
530 417 645 472 (269,
673 422 712 467 1)
745 418 903 457 πλεῖστα
934 425 1007 458 τῶν
1039 421 1273 473 πραγμάτων
1297 442 1348 447 —
1372 416 1493 458 πλείω
1523 426 1596 460 τῶν
1626 423 1853 476 γιγνομὲνων

160 505 250 531 cum
282 493 345 531 ΑΟ.

304 565 413 603 1390
448 576 470 600 a
505 565 524 601 7
562 562 675 609 (269,
711 562 752 607 4)
786 557 928 612 μέλλον
963 582 1014 588 --
1049 558 1182 598 λοιπόν
1215 575 1305 600 cum
1337 563 1399 603 A0.

304 634 414 672 1390
433 646 454 670 a
473 635 526 671 34
550 629 665 681 (270,
688 632 727 677 1)
751 631 865 682 μόνον
886 652 934 657 -
955 628 1106 682 μᾶλλον
1128 637 1169 670 ut
1183 632 1251 680 A⁰;
1275 633 1411 671 eodem
1434 633 1520 671 loco
1536 632 1607 679 QY
1622 629 1675 670 Z¹
1698 638 1854 684 propter

162 703 339 741 similiter
371 703 513 741 cadens
549 705 601 742 14
634 702 762 748 verba,
797 715 896 751 quae
927 702 1118 751 interpres
1151 708 1187 741 et
1218 703 1268 741 Ac
1301 708 1467 752 servant,
1502 703 1696 742 omittunt.

303 775 410 813 1391
447 786 469 810 a
503 775 553 811 27
590 767 705 821 (272,
743 768 784 823 5)
819 765 1126 824 ἐμφανεστέροος
1162 794 1211 800 -
1246 773 1496 825 σεμνοτέρους
1528 787 1617 812 cum
1649 773 1711 812 ΑΟ.

302 845 412 883 1392
447 854 469 879 a
502 845 524 881 2
560 842 674 888 (273,
712 842 781 887 19)
815 855 880 880 om
912 837 946 878 εἴ
976 853 1008 879 τι
1041 838 1185 894 ἔχομεν
1218 865 1267 870 -
1310 850 1437 883 servat
1469 858 1557 883 cum
1591 845 1654 886 Ac.

302 916 411 953 1392
437 926 458 950 a
484 915 535 952 16
569 911 683 958 (274,
719 912 759 958 5)
791 909 972 959 γενέσθαι
1005 932 1055 938 -
1090 907 1183 950 εἶναι
1214 920 1254 952 ut
1288 914 1349 952 Ae.

302 986 411 1024 1393
435 983 459 1021 b
485 985 503 1022 1
541 982 654 1029 (276,
681 983 751 1028 26)
785 995 849 1021 om
882 977 1069 1034 ὅμθῑῦτὲλ.
1104 987 1152 1025 11
1179 986 1307 1033 verba,
1342 998 1441 1036 quae
1473 985 1511 1023 in
1537 985 1854 1035 interpretatione

161 1059 197 1092 et
229 1054 266 1091 in
299 1054 348 1092 Ac
381 1054 571 1101 leguntur.

303 1126 412 1164 1393
437 1124 461 1161 b
486 1125 538 1164 19
563 1123 676 1170 (277,
704 1123 772 1169 16)
796 1117 909 1173 ὁρᾶτε
937 1122 1031 1176 φησὶ
1062 1122 1116 1176 μὴ
1139 1122 1227 1167 τοὺς
1249 1122 1457 1176 πολεμίους
1479 1121 1706 1175 βουλόμενοι
1735 1135 1854 1176 τιμω-

157 1191 357 1247 ρήσασθαι
388 1193 508 1231 ταυτα
533 1215 580 1220 —
606 1189 694 1246 ἔφη,
726 1187 839 1244 ὁρᾶτε
867 1191 921 1245 μὴ
949 1190 1176 1245 βουλόμενοι
1204 1193 1292 1237 τοὺς
1320 1192 1528 1247 πολεμίους
1557 1191 1856 1247 τιμωρήσασθαι

158 1259 272 1302 ταύτό
305 1265 496 1315 interpres
530 1277 620 1302 oum
653 1264 713 1303 Ac.

303 1338 414 1375 1394
447 1349 469 1373 a
504 1337 555 1374 10
591 1335 704 1381 (278,
732 1333 801 1381 11)
835 1331 984 1381 QY¹Z
1018 1348 1082 1373 oni
1115 1336 1209 1382 (non
1243 1329 1448 1386 ὁμοιοτελ.)
1480 1329 1505 1388 ἡ
1537 1333 1611 1386 γὰρ
1642 1333 1763 1378 πίστις
1793 1330 1855 1371 διὰ

155 1402 296 1441 τοὺτων
330 1426 380 1430 u
417 1410 544 1443 servat
575 1405 705 1443 locum
738 1419 772 1445 V.
807 1410 854 1446 tr.
888 1411 924 1444 et
955 1406 1017 1445 Ac.

302 1477 413 1515 1394
446 1489 467 1514 a
502 1477 555 1516 34
588 1476 702 1523 (279,
733 1476 774 1522 8)
808 1474 904 1526 πρὸς
935 1471 1082 1527 ἀνδρῶν
1114 1472 1333 1530 ἀμφανοῦσι
1368 1498 1417 1504 —
1452 1479 1542 1527 παρ’
1567 1471 1693 1514 ἀστῶν
1722 1471 1856 1529 ἀλφά-

157 1556 260 1583 νουσν.
290 1551 332 1584 ut
364 1546 428 1584 A0.

300 1619 412 1657 1394
434 1617 458 1654 b
483 1620 505 1656 5
529 1612 644 1667 (279,
670 1617 739 1664 10)
763 1629 827 1655 om
861 1618 956 1664 (non
981 1612 1187 1669 ὁμοιοτελ.)
1218 1618 1365 1671 γνώμη,
1396 1616 1493 1669 πρὸς
1524 1614 1565 1655 δὲ
1596 1621 1648 1668 τῷ
1680 1611 1855 1669 ἐχομένῳ

159 1680 374 1739 ὲνθὺμημοι
409 1706 458 1712 -—
495 1687 596 1725 inest
628 1686 667 1724 in
698 1700 732 1725 v.
767 1692 812 1726 tr.
848 1693 884 1726 et
916 1688 977 1726 Ac.

300 1760 410 1798 1396
435 1772 457 1796 a
480 1759 503 1797 8
529 1758 642 1804 (282,
669 1757 740 1803 27)
773 1752 798 1809 ἢ
831 1757 885 1810 μὴ
918 1756 1156 1811 πολεμητέον
1183 1780 1230 1785 -—
1258 1772 1322 1797 om
1355 1753 1628 1810 ὁμοιοτελεὺτῳ
1661 1763 1702 1797 ut
1723 1758 1786 1797 Ac.

299 1831 407 1869 1397
427 1829 451 1866 b
472 1830 491 1868 1
514 1827 627 1875 (285,
650 1829 720 1874 25)
738 1823 784 1864 ἂν
799 1823 969 1881 ἁρμόττῃ
988 1830 1162 1879 (Dionys.
1183 1824 1228 1866 ἂν
1246 1824 1438 1881 ἁρμόττει)
1463 1849 1515 1855 —
1534 1823 1712 1880 ἁρμόττει
1728 1833 1770 1867 ut
1788 1828 1851 1870 A‘.

301 1902 410 1939 1397
435 1899 459 1937 b
493 1903 514 1938 5
551 1894 666 1949 (286,
695 1899 734 1945 1)
767 1895 1023 1949 διαλαβόντας
1054 1902 1209 1936 σκοπεῖν
1242 1920 1293 1926 -
1328 1896 1559 1949 διαλαβόντα
1591 1898 1672 1952 χρὴ
1703 1900 1858 1936 σκοπεῖν

158 1975 200 2008 ut
232 1969 294 2010 ΑΟ.
1919 2007 1924 2009 .

300 2041 409 2080 1397
434 2040 458 2078 b
482 2042 531 2080 21
559 2041 672 2088 (286,
701 2041 770 2088 16)
804 2054 868 2079 om
891 2040 924 2088 Q
941 2038 995 2079 Y¹
1015 2041 1042 2080 Z
1066 2047 1224 2092 propter
1247 2041 1426 2080 similiter
1448 2041 1591 2079 cadens
1617 2043 1637 2081 7
1662 2040 1778 2078 verba
1804 2059 1851 2066 —-

156 2110 273 2149 habet
301 2122 391 2148 cum
413 2110 475 2148 ΑΟ.

301 2182 409 2220 1397
450 2181 473 2218 b
512 2183 562 2221 27
605 2178 727 2233 (286,
764 2179 836 2234 21)
881 2175 934 2225 εὶς
971 2181 1033 2219 τὸν
1070 2182 1209 2234 χρόνον
1248 2187 1289 2220 ut
1327 2181 1486 2232 Dionys.
1524 2203 1572 2208 —
1608 2175 1654 2218 ἐν.
1690 2182 1756 2217 τοῦ
1793 2178 1857 2218 τὸν

156 2249 298 2303 χρόνον
329 2255 371 2288 ut
403 2251 465 2291 Ac.

302 2323 411 2361 1398
446 2322 469 2359 b
506 2324 555 2361 18
592 2317 707 2373 (288,
744 2321 815 2376 25)
849 2318 1024 2373 ἐλέγοντο
1059 2345 1110 2350 ——
1145 2318 1314 2373 ἐγένοντο
1347 2339 1437 2365 cum
1469 2325 1531 2365 Ac.

301 2394 410 2432 1398
445 2392 469 2430 b
503 2396 554 2432 26
590 2394 703 2442 (289,
739 2392 781 2446 3)
814 2388 957 2438 ἱκανῶς
993 2415 1043 2421 -·
1078 2392 1212 2438 καλῶς
1245 2409 1335 2434 eum
1367 2397 1429 2435 ΑΕ.

300 2466 410 2504 1402
444 2464 468 2501 b
503 2466 553 2504 19
587 2461 701 2515 (298,
738 2466 778 2512 2)
812 2462 858 2502 δι’
895 2487 945 2492 -—
981 2479 1160 2517 perverse
1191 2463 1279 2503 λίαν
1312 2480 1401 2505 cum
1434 2466 1497 2505 A⁰.

299 2536 410 2574 1406
434 2547 456 2572 a
482 2537 502 2574 5
538 2531 652 2583 (306,
679 2533 721 2587 6)
755 2536 786 2583 Q
810 2533 1013 2581 θετταλοῦ,
1046 2537 1077 2575 Y
1094 2537 1122 2575 Z
1155 2533 1348 2574 θεττάλον)
1373 2557 1423 2563 --
1449 2532 1652 2588 θαλάττης
1683 2548 1773 2574 eum
1790 2534 1852 2574 ΑΟ.

300 2607 410 2645 1406
444 2605 467 2642 b
502 2608 524 2644 9
561 2601 675 2655 (307,
713 2604 783 2658 17)
826 2603 971 2659 ἄναιμα
1008 2629 1054 2634 -
1091 2612 1194 2646 recte
1225 2603 1363 2659 ἔναιμα
1396 2620 1485 2646 cum
1518 2607 1579 2647 ΑΟ.

300 2676 410 2715 1406
444 2675 467 2712 b
502 2678 555 2714 34
589 2678 701 2724 (308,
739 2675 809 2729 13)
844 2692 959 2729 prave
991 2671 1043 2721 ὡς
1075 2672 1095 2715 ὁ
1127 2675 1376 2730 δημοσθένης
1412 2698 1453 2705 -—
1495 2672 1520 2729 i,
1552 2690 1642 2716 cum
1673 2677 1736 2718 Ac.

298 2748 407 2785 1407
443 2746 466 2782 b
503 2748 550 2785 17
596 2746 710 2795 (310,
749 2746 818 2800 13)
852 2744 958 2792 ὄντος
997 2769 1040 2775 —-
1078 2745 1229 2791 δέοντος
1262 2754 1301 2787 ut
1334 2749 1394 2787 Ac.

300 2818 409 2856 1408
445 2830 466 2853 a
503 2819 553 2855 16
588 2819 701 2863 (311,
739 2817 811 2870 24)
845 2819 890 2858 οὒ
915 2841 966 2847 -—
1001 2825 1104 2859 recte
1135 2823 1236 2872 συκῆ
1269 2833 1359 2858 cum
1391 2819 1453 2858 ΑΟ.

299 2888 408 2928 1408
443 2887 467 2924 b
501 2890 552 2926 35
588 2883 703 2937 (313,
740 2887 812 2942 25)
845 2890 1095 2943 οεμνοντέραν
1129 2911 1179 2917 -
1215 2889 1450 2945 σεμνόντητα
1483 2902 1572 2929 cum
1604 2889 1665 2930 ΑΘ.
