2056 3326
877 186 1161 228 -40-

174 314 213 360 ἐν
243 319 488 373 κατορθώσει
521 342 572 349 -—-
607 320 646 359 in
679 318 905 365 directione;
942 320 1053 359 1410
1087 330 1108 356 a
1142 320 1165 358 6
1197 312 1312 369 (316,
1349 314 1422 363 24)
1451 313 1648 369 σομβαίνει
1678 312 1868 362 πολλάκις

256 390 343 435 τοὺς
376 388 547 444 ἄφρονας
578 387 799 440 κατορθοῦν
833 410 883 415 -—
919 389 1058 427 accidit
1090 402 1207 438 saepe
1239 419 1247 427 .
1273 418 1282 427 .
1308 421 1316 429 .
1349 387 1615 438 imprudentes
1646 388 1771 437 dirigi.

319 466 426 503 1401
463 476 483 499 a
518 464 569 501 26
604 456 719 510 (294,
756 456 828 512 16)
872 454 1052 509 ὁπότερον
1084 457 1385 511 χρησιμώτερον,
1423 460 1531 495 τοῦτο
1571 454 1629 494 ’δεῖ
1663 461 1780 495 ποιεῖν
1812 478 1865 485 -

175 533 278 584 quod
300 546 388 571 cum
411 532 556 578 utilius,
591 532 665 570 hoc
687 535 839 580 oportet
862 529 999 569 facere.
1050 526 1090 568 S'i
1114 530 1373 578 ignorantiam
1394 529 1510 567 huius
1535 529 1757 579 interpretis
1780 527 1867 568 co'n·

174 604 402 642 sideraveris
436 603 611 651 aliosque
649 602 758 640 locos
797 597 856 651 (ut
891 604 1000 641 1399
1033 601 1058 638 b
1094 603 1144 640 13
1180 613 1233 634 =
1277 603 1373 647 290,
1409 603 1483 640 24:
1521 596 1687 651 ληπτέον
1718 596 1751 636 δ’
1780 594 1870 637 ὁπό-

173 685 278 725 τερον
317 669 362 710 ἂν
401 669 427 723 ’ᾖ
465 672 658 725 χρήσιμον
700 692 747 698 -
791 672 1025 709 sumendum
1063 676 1192 710 autem
1232 672 1569 721 quodcunque
1608 670 1721 708 fuerit
1758 669 1868 716 utile)

175 744 406 795 inspexeris:
441 744 502 781 hic
537 756 691 793 quoque
724 742 759 780 id
794 755 881 780 esse
915 742 1163 779 scribendum
1195 742 1396 780 concedes.

314 818 423 855 1406
448 815 470 852 b
494 818 546 854 35
582 816 695 862 (308,
728 810 798 863 14)
833 807 965 863 'dumos
995 806 1242 863 ναυκλήρῳ
1235 815 1382 863 ισχορῶ
1416 810 1483 862 μὲν
1514 804 1676 849 ὓποκώτ
1654 823 1711 863 ῳ
1741 798 1784 846 δὲ
1818 831 1864 836 -

175 883 316 924 similis
349 886 532 923 nauclero
567 884 654 922 forti
688 883 856 932 quidem,
901 882 1110 920 smdesunt
1151 887 1293 922 autem
1356 881 1503 930 Con-ig.
1539 879 1870 920 surdescenti

175 957 323 1005 (confer
357 959 452 1002 304,
489 958 512 994 3
547 960 583 992 et
617 957 641 994 4
673 951 882 1005 πτωχεΰεῑν
916 965 968 986 =
1004 948 1316 1004 pauperescere).

317 1029 424 1067 1407
462 1039 484 1063 a
517 1027 565 1065 31
606 1023 720 1074 (309,
758 1020 828 1075 17)
862 1025 938 1065 τοῖς
970 1022 1189 1074 περιέχουσι
1227 1044 1269 1048 —-
1309 1023 1548 1069 abientibus;
1582 1023 1612 1061 E
1644 1022 1871 1062 abiectibus.

173 1099 354 1148 Propono
379 1095 727 1134 ambientibus
753 1090 872 1144 (conf.
897 1094 1009 1132 Rhet.
1033 1094 1099 1134 lat.
1127 1107 1163 1143 p.
1183 1096 1279 1140 448,
1307 1097 1329 1134 3
1354 1095 1412 1133 ed.
1437 1093 1567 1141 Halm,
1605 1106 1720 1143 quem
1741 1094 1871 1132 locum

176 1168 270 1206 mihi
303 1166 485 1205 indicavit
517 1166 734 1204 Guilelmus
769 1165 912 1211 Christ,
948 1164 1004 1202 vir
1035 1161 1320 1215 doctissimus).

319 1240 428 1278 1408
464 1250 485 1275 a
519 1240 571 1276 29
608 1231 830 1286 (312,13)
871 1245 933 1271 ποι
936 1234 979 1277 ός
1009 1245 1063 1277 τνς
1094 1238 1146 1284 τῶ
1179 1227 1266 1284 {ii-(p
1299 1228 1343 1271 οὒ
1374 1233 1448 1284 γὰρ
1484 1231 1580 1271 καθ’
1615 1229 1770 1272 ἅπασαν
1800 1229 1874 1277 ἕξιν

179 1329 225 1335 —-
264 1309 398 1359 quales
432 1307 518 1357 quis
552 1307 658 1351 iu1a;
698 1319 777 1344 non
816 1306 919 1344 enim
960 1305 1174 1344 secundum
1216 1304 1391 1342 omnium
1431 1300 1485 1354 (Μ
1517 1302 1640 1356 omni)
1680 1305 1871 1345 habitum.

177 1379 299 1417 Scrib.
335 1379 459 1423 uita3
494 1381 622 1415 cetera
655 1389 808 1426 quoque
841 1377 956 1414 verba
990 1375 1149 1414 Graecis
1182 1376 1515 1414 accommodanda
1547 1381 1650 1415 sunt.

321 1452 430 1489 1410
454 1462 476 1487 a
500 1451 549 1488 31
587 1448 701 1494 (317,
734 1444 805 1498 13)
838 1441 1004 1499 φροντίσι
1040 1467 1087 1473 -—
1124 1446 1279 1484 auxiliis
1313 1447 1440 1484 rebus.
1504 1446 1722 1496 Depravata
1753 1446 1874 1485 inter-

177 1521 294 1570 pretis
328 1521 443 1558 verba
481 1519 699 1557 certissime
737 1519 919 1556 emendes
952 1518 1141 1555 vocabulo
1186 1517 1548 1555 anxietatibus
1587 1512 1717 1567 (1385
1757 1530 1781 1555 a
1819 1519 1873 1557 24

178 1603 231 1625 Σ
267 1594 362 1637 257,
399 1593 451 1630 26
484 1589 658 1632 κάκωσις
692 1602 745 1623 =
780 1584 987 1638 anxietas).

319 1664 428 1702 1412
454 1674 476 1699 a
500 1663 520 1700 1
557 1654 672 1710 (321,
699 1656 739 1710 3)
771 1655 999 1709 λιλαιόμενα
1031 1656 1152 1709 χροὸς
1184 1652 1276 1694 ἆσαι
1302 1678 1348 1684 -
1376 1670 1442 1696 cor
1464 1669 1529 1696 ore
1562 1656 1712 1704 sanari;
1745 1656 1783 1695 M
1805 1669 1873 1696 co-

179 1734 258 1772 lare
291 1745 450 1777 sanare;
484 1731 514 1767 V
538 1743 672 1769 corare
705 1729 848 1768 sanari.
914 1729 1108 1767 Emendo:
1144 1741 1354 1778 corpore
1387 1729 1578 1767 satiari.

322 1805 431 1843 1413
466 1816 488 1840 a
521 1805 574 1842 20
607 1798 721 1851 (324,
748 1796 790 1850 3)
823 1794 875 1842 εἰς
908 1793 1200 1850 ὒπωπιασμὲνον
1238 1820 1277 1824 -
1320 1799 1367 1837 ad
1398 1798 1593 1838 luminum
1625 1798 1776 1848 ipopio3
1809 1811 1872 1836 m:

178 1875 330 1912 tuntum
363 1873 523 1922 ypepio3
556 1872 593 1909 M
623 1871 860 1920 limoipedio.
924 1871 1125 1920 Propono:
1169 1871 1356 1908 luteum
1392 1883 1479 1920 ypo
1493 1870 1580 1919 pio.

323 1945 434 1983 1414
466 1943 489 1979 b
524 1945 574 1981 37
612 1937 726 1990 (328,
764 1938 834 1993 13)
874 1936 909 1977 οἳ
941 1940 1038 1992 μήτε
1076 1934 1318 1991 εὔδοκιμοῦσι
1355 1939 1450 1992 μήτε
1483 1936 1640 1992 φαῦλοι,
1672 1934 1762 1976 ἀλλ’
1795 1933 1878 1976 ὅσοι

177 2011 325 2062 ἁγαθοὶ
357 2009 460 2055 ὄντες
500 2008 640 2064 ἄδηλοι
677 2033 724 2038 -
761 2012 826 2061 qui
865 2025 990 2061 neque
1029 2012 1275 2060 complacent
1314 2024 1438 2060 neque
1472 2011 1576 2061 plani
1623 2010 1669 2058 (E
1701 2007 1877 2061 planani)
1920 2012 1925 2015 '

179 2089 282 2131 sunt,
305 2085 371 2122 sed
394 2084 616 2133 quicunque
638 2083 729 2121 boni
752 2083 962 2121 existentes
986 2079 1238 2120 immanifesti
1262 2087 1363 2120 sunt.
1398 2081 1556 2120 Conicio
1589 2081 1740 2131 pravi,
1774 2082 1877 2132 quod

177 2154 368 2204 interpres
402 2167 566 2203 semper,
603 2153 676 2191 nisi
709 2154 833 2199 fallor,
869 2153 1098 2191 adiectivum
1133 2149 1283 2205 φαῦλος
1315 2152 1371 2190 sic
1404 2152 1526 2190 vertit.

322 2227 431 2264 1818
466 2225 490 2262 b
526 2226 577 2263 14
613 2219 728 2273 (338,
756 2221 798 2273 7)
832 2219 1209 2274 προδιαβεβλημένον
1245 2243 1295 2248 -
1331 2223 1687 2272 praeterminatum.
1751 2221 1875 2261 Scrib.

179 2294 641 2345 praecriminatum.
705 2294 806 2332 Nam
838 2293 1105 2332 criminari
1139 2298 1175 2332 et
1208 2293 1502 2332 criminatio
1537 2293 1678 2343 ubique
1709 2293 1788 2332 fere
1819 2306 1874 2331 re-

179 2367 374 2415 spondent
406 2365 533 2403 verbis
567 2361 786 2414 διαβάλλειν
819 2370 854 2403 et
886 2361 1062 2416 διαβολή.

322 2437 429 2476 1418
458 2436 480 2473 b
514 2438 562 2475 21
602 2431 716 2486 (338,
750 2433 821 2485 13)
855 2438 932 2477 τοῖς
966 2433 1073 2477 θεοῖς
1105 2438 1237 2485 πρῶτα.
1270 2433 1479 2487 σῦμμαχος
1511 2434 1731 2486 γενήσομαι.
1772 2428 1875 2482 Ἐγὼ

176 2505 250 2557 γὰρ
276 2501 409 2556 ’Ήραν
445 2527 492 2531 —-
532 2520 599 2555 pro
641 2506 714 2544 diis
758 2506 882 2555 primo
927 2510 1118 2555 pugnator
1152 2505 1182 2543 si
1223 2509 1352 2544 autem
1391 2518 1461 2554 ego
1504 2505 1608 2543 enim
1641 2507 1873 2546 affectatam.

177 2577 301 2616 Verba
335 2577 375 2615 si
408 2583 582 2615 autem
627 2572 701 2626 (mz
738 2577 768 2614 si
802 2574 868 2627 an)
904 2577 1018 2614 verbo
1061 2576 1179 2614 fiam
1219 2589 1306 2614 esse
1346 2577 1532 2614 imitanda
1566 2576 1626 2615 vix
1666 2576 1876 2626 quisquam

177 2648 372 2695 refutabit,
409 2648 485 2697 qui,
511 2662 627 2697 quam
654 2661 770 2697 saepe
792 2648 924 2686 literae
946 2662 964 2685 S
986 2652 1022 2686 et
1041 2648 1066 2695 f
1091 2647 1126 2684 in
1157 2647 1422 2686 translationis
1445 2647 1552 2685 libris
1576 2647 1877 2694 confundantur,

177 2718 330 2763 viderit;
373 2718 674 2756 affectatam
718 2719 795 2765 (mz
837 2713 1073 2768 affectatem)
1115 2722 1246 2755 autem
1289 2717 1384 2755 mihi
1426 2717 1501 2755 illis
1545 2718 1749 2756 nominum
1792 2729 1875 2768 pro·

178 2789 350 2839 priorum
390 2789 775 2838 interpretationibus
815 2789 941 2827 simile
982 2801 1069 2826 esse
1101 2789 1266 2834 videtur,
1309 2801 1474 2837 quarum
1514 2788 1684 2838 Spengel
1719 2801 1756 2838 p.
1791 2790 1871 2829 167

177 2861 400 2910 complures
434 2861 557 2898 affert.
611 2859 721 2898 Docti
755 2860 876 2899 nostri
911 2858 1131 2911 interpretis
1164 2859 1294 2897 animo
1326 2859 1575 2897 obversatum
1607 2872 1695 2898 esse
1727 2858 1875 2898 videtur

177 2930 336 2969 verbum
369 2923 470 2982 ἐρᾶν.
