2056 3326
0 538 44 695 ⁴”-1·-1„e„22·
5 424 29 483 2·-

0 1611 22 1698 κη’-ξμς,
0 1039 27 1598 ‘'1⁶8'‘‘’''a'ff'vssf‘fflssff'sssfflffff
2 974 18 1018 «a,
6 948 27 962 Q.
1 881 25 938 :vsz
3 842 22 864 ..ι
24 829 26 833 ⁴
23 815 26 818 ἢ
6 797 20 804 3
2 757 13 780 -α
3 734 12 746 r
2 714 12 724 ν

882 171 1166 215 ...41-

321 304 393 345 His
426 304 777 352 emendationibus,
824 304 966 356 quibus
999 303 1246 344 librariorum
1281 301 1522 342 incuriosum
1555 312 1678 351 genus
1711 312 1877 349 magnae

177 377 442 427 neglegentiae
475 376 661 425 incusavi,
695 376 876 425 adiungo,
912 389 958 414 ne
991 388 1058 414 eos
1090 374 1196 414 omni
1230 374 1303 413 fide
1335 373 1495 423 privem,
1529 372 1721 423 quosdam
1753 372 1875 420 locos,

176 461 275 500 quos
308 449 357 487 ab
390 448 436 486 iis
469 449 701 498 depravatos
734 461 822 485 esse
857 447 967 485 facile
999 445 1183 496 opineris.
1234 445 1341 483 Adeo
1369 449 1458 482 sunt
1483 443 1569 482 miri
1593 447 1630 481 et
1652 443 1874 493 suspiciosi.

175 518 332 568 Legitur
364 518 466 556 enim
502 531 538 568 p.
575 521 686 559 1354
720 532 742 556 a
777 520 828 558 16
861 514 976 568 (178,
1004 514 1075 566 17)
1107 512 1270 568 διαβολή
1307 537 1357 541 -—
1393 514 1617 553 commotio.
1672 513 1876 552 Desideres

176 589 338 629 forsitan
371 589 678 635 criminatio,
713 601 803 627 cum
837 588 1032 626 sexcentis
1065 588 1161 626 locis
1187 588 1380 626 Graecum
1406 587 1563 625 verbum
1598 585 1651 624 ita
1684 585 1877 624 redditum

175 659 239 699 sit.
272 659 360 698 Tali
392 660 566 710 opinioni
599 672 670 708 ego
703 672 779 697 non
814 659 1020 705 assentiar,
1056 660 1122 697 sed
1156 658 1275 697 alium
1311 657 1403 695 milii
1438 656 1713 705 gravissimum
1744 657 1876 695 locum

174 731 331 770 laudem
354 719 485 781 (1415
510 731 534 769 b
559 732 610 772 18
636 742 690 764 =
715 732 811 776 330,
840 732 910 770 11¹:
944 729 1082 772 πάντες
1113 728 1188 780 γὰρ
1220 723 1244 780 ἦ
1268 724 1522 778 διαβάλλουσι
1544 748 1591 754 -
1614 741 1751 767 omnes
1774 727 1878 766 enim

176 807 242 842 aut
264 798 528 853 commovent)
563 806 598 839 et
628 806 813 850 repetam,
843 801 945 850 quod
978 814 1096 850 supra
1125 800 1216 846 dixi,
1254 799 1503 849 interpretem
1528 799 1592 837 tali
1624 799 1739 838 modo
1763 799 1879 837 verba

175 872 325 912 variare
357 873 526 911 studere.
591 872 778 911 Similiter
819 873 982 910 defendo
1021 872 1123 909 hunc
1158 872 1307 909 locum:
1352 873 1462 911 1373
1497 885 1519 909 a
1553 872 1605 910 35
1650 865 1767 920 (228,
1805 867 1877 922 14)

175 939 383 996 φιλοδικεῖν
416 964 466 969 -
503 956 636 982 amare
669 943 964 993 placitationes3
999 943 1033 980 M
1068 942 1223 981 exhibet
1258 942 1531 991 plantationes.
1597 941 1774 991 Namque
1807 941 1877 979 etsi

177 1014 280 1065 apud
313 1026 401 1052 eum
437 1013 717 1064 placitatio
750 1013 811 1052 vix
845 1026 922 1051 uno
955 1014 1042 1051 loco
1081 1012 1284 1059 invenitur,
1317 1016 1355 1050 at
1389 1012 1538 1050 Graeca
1570 1012 1698 1058 verba,
1738 1011 1880 1061 quibus

176 1085 235 1123 vis
258 1084 431 1124 certandi
455 1090 526 1131 est,
553 1085 782 1135 plerumque
806 1084 930 1123 verbis
964 1084 1195 1133 litigare,
1219 1083 1306 1129 lis,
1331 1083 1580 1132 litigatio,
1605 1082 1880 1132 litigiosus

174 1156 400 1203 redduntur,
436 1169 511 1194 non
545 1161 616 1202 est,
651 1168 720 1194 cur
753 1161 899 1202 mutes3
934 1169 1024 1193 nam
1059 1154 1337 1204 placitatio
1371 1167 1392 1191 a
1417 1153 1624 1192 Latinitate
1655 1153 1770 1192 medii
1795 1153 1877 1192 aevi

177 1240 254 1266 non
288 1223 528 1277 abhorret.*)

317 1299 438 1337 Multo
471 1297 587 1336 etiam
621 1297 904 1347 suspiciosiora
937 1297 1031 1335 hacc
1066 1310 1153 1335 esse
1185 1297 1381 1337 videntur:
1419 1297 1529 1337 1379
1561 1297 1584 1334 b
1608 1298 1631 1335 8
1667 1290 1783 1346 (243,
1805 1292 1878 1347 29)

173 1371 428 1422 καταφρονεῖν
457 1366 532 1419 γὰρ
572 1367 708 1410 πάντες
747 1361 780 1404 οἱ
812 1370 972 1404 τοιοῦτοι
1013 1361 1232 1420 φαίνονται,
1273 1364 1342 1402 καὶ
1373 1359 1408 1402 οἱ
1445 1364 1514 1417 μὲν
1546 1360 1599 1410 ὡς
1636 1360 1814 1418 ἡττόνων,
1846 1359 1881 1403 οἱ

173 1436 207 1477 δ’
232 1434 286 1482 ὡς
306 1442 398 1490 παρ’
422 1433 588 1492 ἡττόνων
613 1459 663 1465 -—
690 1438 890 1488 despicere
923 1438 1026 1476 enim
1059 1451 1195 1476 omnes
1231 1439 1326 1476 tales
1359 1438 1548 1484 videntur,
1583 1442 1619 1476 et
1651 1437 1690 1475 hi
1723 1438 1879 1488 quidem

174 1517 217 1550 ut
248 1510 439 1558 minores,
479 1510 519 1548 hi
551 1515 681 1548 autem
715 1515 755 1548 ut
787 1509 1082 1559 comparatione
1124 1509 1308 1547 minores.
1373 1508 1448 1546 Sed
1487 1509 1880 1558 comparatione

174 1595 294 1622 manu
334 1581 557 1632 interpretis
601 1581 790 1631 scriptum
833 1594 920 1619 esse
954 1581 1130 1619 firmatur
1161 1581 1248 1619 loco
1292 1579 1434 1629 pariter
1468 1580 1675 1618 translato:
1713 1582 1825 1621 1384
1858 1594 1880 1619 a

175 1656 230 1694 30
252 1655 368 1702 (255,
396 1650 467 1703 16)
501 1650 750 1703 θαυμάζουσι
781 1650 938 1694 teoto-23
1043 1654 1133 1702 παρ’
1168 1643 1220 1687 ὧν
1251 1650 1484 1702 τυγχάνουσι
1520 1647 1694 1702 δεόμενοι
1727 1647 1880 1703 σφόδρα

172 1723 272 1767 τινός
296 1745 346 1750 —-
373 1723 564 1762 mirantur
596 1724 667 1762 hos
693 1756 700 1764 .
728 1756 735 1764 .
762 1753 769 1761 .
796 1723 1091 1773 comparatione
1124 1735 1291 1772 quorum
1324 1722 1495 1760 existunt
1529 1721 1746 1770 indigentes
1769 1722 1880 1760 valde

173 1795 316 1846 aliquo.
365 1795 463 1834 Cum
496 1795 558 1833 his
591 1794 774 1833 absurdis
806 1793 1193 1844 interpretationibus
1226 1793 1343 1831 velim
1374 1792 1553 1831 conferas
1586 1792 1690 1830 hunc
1723 1804 1878 1842 quoque

172 1867 323 1906 locum:
374 1869 484 1907 1409
517 1867 542 1904 b
575 1868 628 1906 36
663 1861 778 1915 (316,
813 1862 885 1916 17)
925 1859 1163 1916 ἀντικειμένη
1195 1859 1254 1903 δέ,
1287 1857 1324 1899 ἐν
1356 1857 1381 1913 ᾐ
1413 1857 1586 1914 ’ἑκατέρῳ
1618 1865 1670 1912 τῷ
1702 1858 1821 1912 κώλῳ
1852 1856 1877 1913 ἢ

173 1934 271 1988 πρὸς
311 1930 464 1987 ἐναντίῳ
500 1931 666 1979 ἐναντίος
705 1934 897 1985 ovi-sustene
932 1956 983 1961 —
1019 1934 1319 1986 oppositionalis
1362 1939 1505 1980 autem,
1544 1933 1583 1972 in
1616 1947 1693 1984 qua
1725 1933 1878 1983 utrique

175 2009 261 2048 colo
295 2013 361 2048 aut
393 2013 691 2058 respectum
723 2007 908 2046 contrarii
942 2006 1182 2045 contrarium
1215 2005 1476 2055 componitur.

319 2079 396 2119 Sed
427 2080 524 2119 haec
556 2079 770 2125 hactenus;
805 2092 851 2117 ne
884 2079 1056 2128 legentes
1090 2090 1231 2124 morer,
1268 2089 1371 2115 nunc
1405 2076 1563 2114 tandem
1598 2076 1644 2114 ad
1678 2075 1715 2113 id
1748 2087 1879 2125 aggre-

178 2151 277 2200 dior,
311 2151 414 2202 quod
447 2164 509 2190 me
540 2151 901 2189 demonstraturum
944 2162 1031 2188 esse
1072 2149 1109 2187 in
1149 2149 1274 2187 fronte
1306 2147 1422 2185 huius
1463 2146 1643 2197 opusculi
1677 2146 1878 2196 professus

176 2235 278 2262 sum.
313 2217 446 2272 Atque
469 2221 639 2272 primum
662 2220 897 2259 rhetoricam
919 2221 1071 2258 duabus
1090 2219 1269 2258 codicum
1292 2217 1463 2265 familiis,
1488 2230 1654 2267 quorum
1678 2216 1876 2255 meliorem

181 2292 450 2332 recensionem
483 2292 605 2330 codex
624 2287 700 2338 ΑΟ,
734 2291 966 2330 deteriorem
989 2290 1110 2336 QYZ
1143 2290 1207 2328 alii
1241 2289 1437 2335 exhibent,
1471 2289 1519 2327 ad
1552 2300 1623 2326 nos
1657 2287 1880 2337 pervenisse

176 2368 343 2402 constat.
398 2362 506 2410 Quae
539 2375 630 2401 cum
663 2361 716 2400 ita
749 2362 838 2408 sint,
875 2361 954 2400 sieri
979 2366 1119 2411 potest,
1157 2366 1197 2399 ut
1219 2365 1372 2398 vetusta
1394 2358 1598 2397 translatio
1622 2364 1687 2397 aut
1711 2358 1880 2397 familiae

150 2434 324 2474 ‘codicis
354 2433 404 2472 Ac
434 2433 666 2472 ascribenda
699 2432 760 2479 sit,
795 2437 862 2470 aut
893 2432 941 2470 ad
975 2431 1163 2470 familiam
1196 2430 1431 2469 deteriorum
1464 2429 1643 2468 codicum
1675 2429 1878 2479 pertineat.

176 2505 262 2544 Hoc
294 2517 449 2555 quoque
481 2503 622 2554 aliquis
656 2503 798 2552 cogitet
830 2503 1082 2553 interpretem
1115 2501 1290 2540 codicem
1321 2506 1509 2539 nanctum
1543 2512 1642 2545 esse,
1681 2512 1702 2537 e
1734 2512 1810 2549 quo
1843 2505 1878 2538 et

176 2574 468 2614 vetustissimus
511 2576 632 2614 codex
677 2579 714 2613 et
755 2573 990 2612 recentiores
1036 2579 1172 2622 postea
1219 2573 1427 2612 fluxerunt.
1498 2570 1674 2620 Denique
1716 2582 1762 2608 ne
1803 2570 1878 2608 hoc

177 2645 332 2696 quidem
367 2646 561 2696 suspicari
601 2645 777 2695 ineptum
817 2650 876 2683 est
908 2644 1082 2682 codicem
1116 2643 1338 2693 interpretis
1377 2656 1397 2681 e
1428 2642 1580 2681 duabus
1614 2640 1771 2679 familiis
1804 2641 1880 2679 col-

175 2715 266 2755 latis
293 2728 381 2755 esse
413 2716 690 2766 compositum.
755 2715 890 2765 Ipsum
923 2714 1172 2764 interpretem
1205 2699 1404 2752 codicibus
1443 2713 1609 2750 duarum
1643 2710 1878 2750 familiarum

177 2786 416 2837 comparatis
449 2799 591 2826 novam
614 2787 884 2826 recensionem
909 2785 1049 2824 secisse
1072 2785 1108 2823 id
1133 2785 1302 2834 Spengel
1335 2797 1406 2822 suo
1439 2783 1522 2822 iure
1544 2787 1670 2831 negat.
1725 2781 1875 2820 Etenim

320 2877 354 2919 *)
383 2878 515 2912 Confer
540 2878 595 2912 Du
622 2878 759 2922 Gange:
796 2877 969 2912 placitare
994 2887 1040 2908 =
1066 2876 1214 2920 litigare,
1250 2875 1311 2911 lite
1349 2875 1586 2916 contendere;
1623 2871 1806 2919 placit-atio
1831 2881 1876 2900 =

176 2935 254 2983 ipsa
280 2936 373 2971 actio
400 2936 608 2983 placitandi.

0 3101 262 3326 L„
