2056 3326
321 262 433 302 1402
456 259 482 299 b
505 261 528 300 8
552 259 671 308 (297,
698 260 766 305 18)
800 254 998 304 Καῦνικος
1025 281 1069 287 -
1100 274 1130 299 v.
1149 266 1194 301 tr.
1228 261 1387 311 praebet
1420 261 1512 301 illud
1546 261 1717 313 pessime
1749 262 1882 302 fictum

177 325 391 373 amiato<
421 323 447 381 ἢ
479 329 664 373 κάκιστος
697 335 738 369 ut
769 330 802 377 Q
821 330 850 369 Y
867 330 907 370 Z.

322 401 431 441 1402
456 400 480 439 b
503 403 555 441 22
589 402 704 446 (298,
731 401 772 445 5)
807 402 908 440 male
940 399 1106 453 φανερὸν
1137 400 1184 438 τὰ
1213 423 1257 428 -
1287 407 1388 440 recte
1420 401 1584 455 φέροντα
1617 415 1705 441 cum
1740 403 1820 450 QY
1838 403 1879 443 Z.

318 472 428 512 1402
454 471 478 509 b
501 474 553 511 29
577 474 691 517 (298,
718 472 788 515 12)
822 472 923 510 male
955 485 1020 509 om
1044 465 1087 508 οἳ)
1118 470 1194 522 γὰρ
1228 467 1273 508 ἂν
1305 483 1352 524 ην
1378 493 1425 498 -
1453 477 1579 511 servat
1612 486 1701 512 cum
1722 474 1797 520 QY
1814 474 1856 513 Z.

321 543 433 582 1410
466 542 490 579 b
526 544 578 581 14
611 543 725 588 (318,
760 543 802 586 4)
834 538 964 593 καλὴν
998 563 1047 568 —-
1083 538 1269 594 καλάμην
1301 548 1403 581 recte
1435 556 1522 582 cum
1557 544 1589 590 Q
1608 544 1636 581 Y
1652 544 1693 582 Z.

320 614 431 653 1413
466 612 489 650 b
523 614 576 652 20
610 612 725 659 (325,
760 607 803 662 4)
842 607 1073 663 αγωνιστικῄ
1111 607 1155 649 οὗ
1192 634 1239 638 -
1277 608 1528 664 ἀποδεικτικῇ
1570 627 1659 652 cum
1704 614 1736 661 Q
1776 611 1824 664 (Y
1852 615 1879 653 Z

176 672 466 732 ἀποδεικὲικῷ),

320 752 375 791 Ex
411 753 472 791 his
505 753 602 792 locis
635 753 760 791 clucet
794 753 1042 803 interpretem
1079 768 1153 792 non
1187 767 1302 793 usum
1337 769 1424 793 esse
1457 755 1589 794 codice
1619 755 1788 794 familiae
1808 755 1880 796 ΑΟ.

179 822 281 862 Nam
314 824 450 870 multa,
484 836 584 873 quae
616 823 653 861 in
688 823 737 861 Αο
767 824 920 861 desunt.
955 830 1057 862 recte
1090 825 1126 863 in
1163 831 1312 864 vetusta
1347 826 1600 865 translatione
1633 826 1878 876 supplentur,

177 899 217 933 at
248 894 441 933 nonnulla
474 893 654 943 insignia,
691 894 916 943 singularia.
952 895 1092 944 quibus
1128 896 1297 934 maxime
1331 897 1476 935 familia
1507 897 1555 935 ΑΕ
1587 897 1635 935 ab
1667 897 1791 935 altera
1824 910 1880 935 se·

178 968 350 1015 paratur,
372 977 449 1003 non
482 964 731 1003 im'eniuntnr
763 965 865 1014 apud
901 965 1174 1015 interpretein;
1208 980 1326 1016 saepe
1357 967 1523 1017 denique
1548 980 1622 1005 non
1647 967 1774 1005 solum
1798 980 1877 1005 ver·

176 1035 238 1074 bis
270 1035 386 1074 modo
417 1035 569 1085 egregie
600 1036 817 1074 emendatis
860 1037 975 1074 modo
1020 1050 1198 1086 perverse
1240 1037 1496 1087 interpolatis,
1541 1038 1607 1076 sed
1651 1037 1767 1076 ctiam
1800 1051 1880 1076 ver-

177 1105 317 1144 borum
351 1106 486 1145 ordine
519 1106 673 1144 inverso
706 1111 742 1145 et
776 1107 980 1145 sententiis
1014 1108 1124 1146 aliter
1157 1108 1375 1146 enunciatis
1409 1122 1431 1146 a
1466 1108 1613 1147 familia
1646 1108 1792 1146 codicis
1821 1108 1881 1146 Αθ

177 1175 408 1226 longissime
439 1177 636 1216 abhorret.
700 1177 964 1216 Nihilominus
1007 1178 1039 1216 si
1084 1179 1145 1216 cui
1191 1184 1335 1217 restent
1369 1179 1643 1225 dubitationes,
1687 1192 1776 1217 eum
1817 1179 1880 1217 ad-

180 1259 363 1286 moneam
398 1247 434 1286 in
468 1252 540 1287 vet.
576 1249 713 1289 transl.
749 1262 825 1287 non
859 1249 986 1287 solum
1022 1255 1228 1288 sexcentas
1269 1263 1358 1288 cum
1391 1250 1646 1288 deterioribus
1680 1249 1880 1288 codicibus

179 1330 372 1367 congruas
416 1318 602 1357 lectiones
644 1319 818 1366 inveniri,
863 1320 930 1358 sed
973 1320 1089 1358 etiam
1133 1320 1322 1370 plurimas
1366 1321 1398 1358 ei
1439 1321 1510 1359 soli
1546 1321 1737 1371 proprias,
1782 1333 1880 1370 quas

180 1393 318 1439 postea
350 1390 602 1428 enumerabo.
667 1389 778 1436 Quod
813 1391 915 1429 valet
947 1390 1064 1429 etiam
1098 1391 1135 1429 in
1170 1404 1250 1437 eos,
1285 1391 1349 1441 qui
1385 1391 1544 1429 forsitan
1578 1391 1639 1429 his
1663 1391 1760 1438 ipsis
1782 1390 1880 1429 locis

177 1458 330 1510 decepti
363 1460 662 1498 translationem
697 1461 867 1499 familiae
899 1461 1135 1499 deteriorum
1169 1462 1349 1500 codicum
1382 1475 1470 1500 esse
1492 1462 1773 1511 assignandam
1795 1474 1881 1500 cen-

178 1534 302 1569 seant.
356 1530 406 1569 Hi
439 1543 595 1582 quoque
627 1531 874 1570 considerent
907 1537 1101 1570 vetustam
1135 1532 1430 1570 translationem
1464 1546 1541 1571 non
1575 1545 1663 1571 raro
1693 1532 1880 1571 lectiones

178 1601 365 1652 praebere
397 1603 445 1640 ab
478 1602 682 1652 utriusque
715 1602 885 1640 familiae
918 1603 1123 1653 scripturis
1155 1604 1266 1641 valde
1299 1603 1581 1653 discrepantes.
1632 1603 1881 1653 Quantopere

177 1671 266 1711 aliis
298 1672 395 1711 locis
428 1686 449 1711 a
472 1673 755 1712 recentioribus
779 1674 979 1712 codicibus
1012 1674 1165 1712 diversa
1189 1674 1238 1712 sit
1261 1679 1297 1712 et
1320 1687 1409 1712 cum
1433 1675 1564 1713 codiee
1586 1674 1636 1712 Αο
1662 1674 1878 1722 conveniat,

179 1743 258 1782 iam
290 1744 509 1782 ostendam.
573 1743 659 1791 Qua
691 1744 730 1782 in
763 1757 804 1783 re
836 1745 1051 1783 notandum
1085 1750 1145 1783 est
1176 1744 1378 1783 librarium
1418 1745 1563 1784 codicis
1597 1744 1629 1791 Q
1670 1743 1880 1795 (aliosque)

176 1814 426 1866 interpretem
446 1820 626 1854 nostrum
644 1815 878 1866 inspexisse,
896 1817 998 1866 quod
1016 1829 1105 1855 cum
1123 1830 1169 1855 ex
1186 1817 1272 1855 aliis
1291 1816 1387 1854 locis
1406 1821 1488 1855 tum
1503 1830 1549 1855 ex
1565 1816 1627 1854 his
1645 1828 1879 1865 cognoscas:

175 1885 325 1924 Bekker
356 1886 382 1925 l.
415 1886 439 1924 l.
475 1898 562 1936 pag.
602 1889 709 1927 1368
743 1887 767 1925 b
803 1889 846 1934 1;
882 1890 991 1928 1377
1026 1888 1050 1926 b
1086 1890 1158 1934 153
1195 1890 1320 1928 1403.

460 1956 494 2004 Q
514 1957 546 1996 Y
568 1957 597 1996 Z
1185 1958 1345 1997 Vetusta
1378 1958 1594 1998 translatio,

320 2029 433 2068 1354
465 2029 489 2067 b
525 2031 574 2069 11
611 2029 726 2077 (179,
762 2029 832 2077 24)
864 2023 1075 2066 ἐπισκοτεῖν
1109 2049 1159 2055 -
1194 2023 1411 2066 ἐπισκοπεῖν
1443 2029 1546 2068 male
1577 2041 1665 2067 cum
1699 2028 1761 2068 Ae.

316 2100 427 2139 1355
461 2099 486 2137 b
519 2101 572 2139 38
607 2100 721 2146 (183,
759 2100 798 2146 5)
832 2112 897 2138 om
928 2097 996 2136 καὶ
1027 2094 1102 2136 ὅσα
1134 2102 1290 2136 τοιαῦτα
1325 2119 1375 2125 -
1410 2099 1527 2138 habet
1560 2111 1649 2137 cum
1673 2099 1735 2142 Ac.

320 2171 432 2209 1356
464 2169 489 2208 b
523 2173 546 2210 2
580 2170 696 2218 (184,
732 2171 802 2215 14)
833 2165 917 2222 ἔχει
979 2191 1030 2196 -
1066 2183 1130 2209 om
1164 2183 1254 2209 cum
1276 2170 1338 2209 ΑΟ.

318 2241 430 2280 1356
462 2240 487 2278 b
523 2243 543 2280 7
579 2241 693 2288 (184,
731 2241 800 2287 19)
833 2235 942 2277 obes)
974 2251 1057 2284 πως
1092 2262 1143 2267 -
1178 2234 1286 2278 obeso
1319 2254 1409 2280 cum
1442 2241 1502 2279 ΑΟ.

319 2312 430 2352 1368
464 2311 489 2349 b
522 2315 575 2351 22
609 2312 724 2359 (216,
759 2312 801 2358 4)
835 2311 913 2358 QZ
947 2325 1004 2362 pr.
1038 2312 1069 2350 Y
1102 2325 1166 2350 om
1199 2325 1355 2351 versum
1389 2333 1442 2339 —
1476 2312 1614 2350 retinet
1646 2324 1733 2351 cum
1768 2312 1830 2354 Ae.

317 2382 427 2422 1371
464 2381 488 2420 b
522 2384 576 2422 30
609 2383 726 2429 (224,
762 2379 805 2433 2)
838 2376 931 2419 εἶναι
969 2404 1011 2408 -
1051 2376 1142 2419 εἶναι
1173 2381 1241 2419 καὶ
1272 2381 1314 2420 τὸ
1347 2378 1482 2435 ἄρχειν
1513 2395 1600 2422 cum
1636 2383 1697 2422 Ac.

318 2453 431 2492 1374
452 2452 477 2491 b
503 2455 555 2493 10
579 2453 694 2500 (231,
722 2454 790 2499 15)
813 2451 860 2490 τὰ
881 2452 955 2504 γὰρ
977 2449 1023 2490 δι’
1047 2447 1255 2505 ἐπιθυμίαν
1276 2448 1354 2490 ἀπὸ
1375 2452 1561 2506 πονηρίας
1588 2474 1636 2480 -
1662 2467 1725 2493 om
1750 2459 1790 2492 ut
1811 2454 1876 2494 Ae.

319 2523 431 2564 1376
455 2536 477 2562 a
511 2526 564 2564 19
598 2524 712 2570 (235.
746 2523 818 2571 21)
851 2537 915 2563 om
947 2518 1020 2561 οὒκ
1051 2520 1129 2561 ἔστι
1164 2546 1211 2552 -
1248 2525 1387 2574 legitur
1423 2525 1462 2563 in
1496 2538 1527 2564 V.
1563 2530 1607 2563 tr.
1643 2529 1680 2563 et
1712 2525 1750 2563 in
1781 2524 1844 2566 ΑΟ.

320 2595 430 2634 1377
454 2593 479 2632 b
502 2597 525 2634 3
550 2595 664 2642 (238,
691 2595 761 2641 19)
789 2591 909 2648 δῆλον
937 2591 978 2631 δὲ
1011 2589 1057 2631 ἂν
1085 2589 1124 2647 ἧι
1154 2589 1402 2647 ἧπατημένος
1434 2589 1497 2632 ὁπ’
1521 2588 1637 2632 αὺτοῦ
1664 2589 1685 2632 ὁ
1713 2589 1877 2637 ἐναντίος

177 2682 230 2690 ——
263 2656 332 2700 ἐὰν
362 2659 405 2700 δὲ
434 2659 462 2715 ᾗ
491 2665 745 2718 γεγενημένος
776 2659 839 2703 ὑπ’
862 2659 980 2704 αὒτοῦ
1012 2661 1067 2713 (Α
1100 2659 1163 2719 ὑφ’
1198 2660 1330 2712 αὑτοῦ)
1363 2664 1431 2703 καὶ
1462 2659 1630 2708 ἐναντίος
1661 2678 1750 2704 cum
1782 2665 1843 2704 A0.

320 2737 433 2776 1384
454 2735 479 2774 b
501 2737 525 2775 3
549 2736 665 2783 (255,
689 2734 762 2788 26)
794 2737 898 2775 male
931 2737 1038 2787 ponit
1071 2736 1103 2784 Q
1121 2737 1151 2775 Y
1169 2737 1197 2775 Z
1230 2738 1347 2776 verba
1378 2739 1457 2780 τοῖς
1483 2735 1727 2790 φαινομένοις
1752 2730 1875 2787 ἁμαρ-

174 2802 295 2844 τάνειν
326 2818 404 2844 uno
436 2819 550 2846 versu
583 2807 690 2858 prius
725 2828 776 2834 —
812 2821 884 2847 suo
917 2809 1003 2847 loco
1037 2821 1081 2847 ea
1113 2808 1268 2846 exhibet
1301 2821 1334 2847 v.
1368 2813 1414 2847 tr.
1449 2813 1486 2847 et
1517 2808 1579 2849 Ae.

318 2877 430 2919 1388
463 2890 488 2918 a
519 2881 572 2920 15
605 2878 721 2928 (264,
756 2880 827 2929 16)
859 2873 954 2917 ὅθεν
987 2898 1038 2907 —-
1072 2875 1202 2932 διόπερ
1234 2891 1325 2918 cum
1356 2879 1418 2919 ΑΕ.
