2056 3326
0 571 47 630 ’ἕξ

0 630 36 682 ἑὲ

842 130 1128 176 ,47-

280 266 394 308 1409
426 262 452 304 b
485 268 510 306 4
542 260 659 315 (315,
696 259 767 315 13)
799 258 924 302 ἁνὺειν
959 286 1004 292 ——
1042 260 1203 314 ἀνοίγειν
1234 279 1323 305 cum
1357 266 1418 305 ΑΕ.

281 337 389 377 1411
425 348 449 375 a
483 337 536 376 14
568 332 684 386 (319,
721 333 764 384 6)
796 332 932 389 τηλίαν
971 356 1014 363 —-
1051 334 1119 388 τὴν
1150 330 1257 373 λείαν
1289 350 1378 375 cum
1410 338 1474 376 Ac.

279 407 388 447 1411
415 418 438 444 a
462 408 513 446 27
551 401 760 456 (319,17)
792 404 860 442 καὶ
891 408 1001 443 τοῦτο
1034 404 1107 456 πρὸ
1139 400 1327 457 ὀμμάτων
1358 405 1496 457 τρόπον
1526 404 1604 443 τινὰ
1637 406 1838 459 μεταφορὰ

139 494 190 504 --
224 472 294 513 καὶ
323 477 433 513 τοῦτο
464 475 603 527 τρόπον
634 474 714 513 τινὰ
747 474 950 528 μεταφορὰ
982 474 1050 512 καὶ
1082 475 1156 527 πρὸ
1188 471 1372 528 ὀμμάτων
1405 483 1445 515 ut
1478 477 1539 517 Ae.

280 548 384 587 1411
424 546 448 584 b
481 548 534 586 32
567 543 684 596 (320,
721 544 792 595 26)
823 540 945 595 λέγειν
980 568 1028 573 -ω
1067 549 1181 583 ποιεῖν
1214 560 1303 585 cum
1337 548 1397 586 Ac.

280 619 391 658 1413
425 630 447 656 a
481 620 504 657 3
541 618 654 663 (323,
692 615 763 667 18)
796 613 905 667 λῦκῳ
942 638 988 644 -
1025 614 1156 669 blm„
1189 632 1278 656 cum
1312 619 1374 658 Ae.

282 690 393 728 1413
428 701 450 726 a
484 689 533 727 21
571 688 686 735 (324,
723 688 764 731 4)
797 683 964 737 τάλαρον
996 688 1042 735 (Ζ
1075 685 1256 735 τάλανον)
1295 710 1340 715 -
1377 685 1560 725 κάλαθον
1593 702 1682 727 cum
1715 689 1777 728 Ac.

282 760 394 798 1414
427 758 451 796 b
485 759 537 797 38
573 758 688 804 (328,
725 760 795 803 14)
828 752 1019 810 ἀλλήλοις
1053 778 1102 784 -
1139 754 1277 810 ἄδηλοι
1309 772 1397 796 eum
1432 759 1492 797 Ac.

282 831 393 869 1415
427 841 449 866 a
482 831 535 868 22
570 828 685 875 (329,
723 828 764 874 7)
797 841 860 866 oin
894 823 926 864 τί
958 823 1034 865 ἐστι
1072 850 1119 855 -
1156 835 1283 867 servat
1315 842 1404 867 cum
1437 830 1499 868 Ac.

282 900 391 939 1417
426 899 451 937 b
485 901 538 939 30
571 895 688 948 (335,
724 900 793 939 25)
827 899 974 949 optime
1006 899 1222 951 χρονιοτεόν
1260 921 1303 926 ——
1341 900 1530 952 χρηστέον
1562 914 1651 940 cum
1684 903 1745 944 A0.

281 972 392 1011 1417
427 970 450 1008 b
484 972 536 1010 37
572 971 686 1016 (336,
724 970 764 1015 7)
804 965 838 1005 εἴ
865 981 896 1006 τι
929 966 1105 1020 ψεῦδεται
1136 964 1248 1013 ἐκτὸς
1279 974 1344 1007 τοῦ
1376 971 1603 1023 πράγματος
1637 995 1683 1001 -
1721 970 1837 1021 εἴτις

137 1035 313 1092 ψεὺδεται
345 1033 390 1076 ἐκ
421 1038 605 1077 τοσοῦτου
637 1040 864 1092 πράγματος
897 1054 985 1079 etun
1019 1042 1079 1080 Ac.

282 1113 393 1152 1418
428 1112 451 1150 b
486 1114 538 1151 38
573 1109 690 1161 (339,
727 1109 770 1163 3)
804 1124 867 1150 om
902 1106 1089 1163 ομοιοτελ.
1124 1112 1195 1150 tria
1229 1113 1344 1151 verba
1379 1135 1430 1139 —
1466 1120 1593 1153 servat
1624 1128 1714 1155 eum
1746 1117 1808 1157 Ac.

280 1184 391 1222 1419
426 1196 449 1221 a
484 1185 536 1223 10
571 1179 686 1233 (339,
725 1180 797 1233 14)
830 1177 1140 1234 ὁμολο·,’τ’ραντες
1172 1179 1213 1219 δὲ
1251 1204 1295 1208 -
1331 1197 1393 1222 oin
1427 1197 1515 1222 cum
1549 1186 1610 1226 Ac.

278 1252 351 1291 His
384 1253 493 1300 loeis,
528 1266 626 1303 quos
660 1267 706 1292 ex
742 1256 824 1293 610
859 1254 936 1292 fere
969 1254 1078 1302 elegi,
1113 1254 1222 1300 adde,
1258 1255 1360 1304 quod
1393 1255 1479 1292 libri
1514 1255 1551 1293 in
1575 1257 1708 1296 codice
1730 1259 1781 1297 A⁰
1803 1265 1839 1298 et

138 1328 211 1363 vet.
246 1324 382 1362 transl.
418 1328 521 1362 recte
552 1324 664 1362 divisi
698 1329 801 1370 sunt,
838 1337 1017 1374 perverse
1050 1324 1087 1362 in
1120 1324 1389 1364 deterioribus.
1444 1326 1559 1364 Certo
1592 1341 1637 1366 ex
1671 1328 1744 1367 hac
1767 1330 1840 1368 lec·

124 1395 288 1440 ,tionum
321 1395 506 1434 varietate
537 1395 813 1444 cognoscimus
846 1400 1038 1434 vetustam
1072 1396 1368 1434 translationem
1391 1410 1413 1435 a
1436 1397 1583 1436 familia
1604 1399 1839 1439 deteriorum

138 1465 317 1505 codicum
349 1478 438 1505 esse
470 1467 743 1516 separandam.
805 1466 1054 1504 Manifestum
1089 1466 1191 1504 enim
1225 1471 1283 1504 est
1316 1467 1567 1517 interpretem
1600 1482 1718 1520 saepe
1749 1484 1839 1510 cum

137 1537 272 1576 codice
302 1537 353 1575 Ae
386 1536 599 1584 meliorem,
643 1537 892 1586 integriorem
925 1537 1193 1576 recensionem
1237 1538 1434 1587 praebere,
1477 1544 1516 1577 at
1556 1552 1839 1592 nonnunquam

138 1607 178 1647 in
210 1608 295 1647 sola
327 1608 476 1647 familia
507 1608 742 1647 deteriorum
776 1608 1139 1659 praestantissimas
1172 1608 1358 1647 lectiones
1393 1609 1537 1648 servari
1561 1611 1663 1650 velut
1693 1609 1840 1665 τηλὶαν,

137 1677 368 1731 χρονιστὲον,

280 1749 545 1789 Vetustam
580 1750 737 1799 igitur
771 1750 1175 1789 translationem
1217 1763 1379 1800 neque
1421 1751 1649 1791 familiae
1681 1753 1732 1792 Ae
1763 1768 1840 1794 ne-

139 1833 232 1872 que
264 1820 496 1860 familiae
527 1822 841 1860 deteriorum
885 1821 1122 1859 codicum
1165 1822 1519 1860 ascribendam
1562 1836 1676 1862 esse
1718 1825 1838 1865 mihi

139 1892 315 1932 videor
346 1892 749 1937 demonstrasse.
780 1893 830 1930 At
853 1905 899 1930 ex
923 1892 996 1931 hac
1030 1892 1115 1942 ipsa
1147 1905 1279 1939 causa,
1314 1893 1417 1942 quod
1450 1906 1494 1931 ea
1527 1906 1630 1932 nunc
1663 1907 1753 1934 cum
1775 1896 1837 1945 Ac,

139 1976 243 2003 nunc
283 1976 374 2002 cum
406 1963 687 2002 recentioribus
719 1963 829 2001 libris
863 1963 1053 2010 convenit,
1089 1963 1254 2001 coniciat
1287 1963 1441 2012 aliquis,
1476 1964 1540 2013 qui
1572 1964 1610 2003 in
1644 1978 1730 2005 eam
1762 1979 1841 2006 non

139 2033 236 2073 satis
269 2033 523 2085 inquisiverit,
557 2034 810 2085 interpretem
843 2035 975 2073 codiee
1008 2047 1123 2072 usum
1157 2047 1256 2081 esse,
1298 2048 1344 2072 ex
1379 2047 1455 2084 quo
1489 2040 1652 2086 utraque
1693 2037 1841 2077 familia

143 2111 281 2157 postea
312 2111 398 2145 orta
430 2105 491 2144 sit.
554 2105 698 2144 Verum
728 2106 831 2144 enim
860 2118 950 2144 vero
992 2105 1058 2144 tali
1092 2105 1274 2155 opinione
1315 2105 1410 2144 nihil
1443 2110 1503 2144 est
1535 2107 1756 2156 absurdius,
1799 2115 1842 2148 ut

140 2176 278 2228 paucis
310 2189 397 2216 eam
428 2177 604 2216 refellere
637 2177 801 2228 possim.

280 2247 454 2286 Primum
489 2248 593 2287 enim
623 2248 662 2287 in
695 2248 951 2288 translatione
983 2248 1128 2286 multae
1161 2247 1296 2286 insunt
1328 2248 1504 2288 lacunae,
1558 2248 1709 2290 Harum
1744 2264 1838 2302 pau-

143 2332 212 2358 cas
245 2331 376 2358 errore
407 2319 631 2370 interpretis
664 2319 772 2358 nasci
807 2319 983 2370 potuisse
1015 2319 1209 2365 concedo3
1244 2323 1282 2356 at
1314 2319 1389 2357 hoc
1422 2333 1536 2359 nemo
1571 2321 1663 2359 mihi
1699 2324 1837 2372 proba-

141 2390 198 2430 bit
238 2390 382 2441 ubique
423 2391 516 2430 talia
556 2392 698 2430 menda
740 2390 942 2441 interpreti
975 2389 1127 2428 crimini
1161 2402 1248 2428 esse
1280 2390 1503 2438 tribuenda;
1537 2397 1578 2430 ut
1611 2394 1838 2444 exemplum

142 2461 358 2512 proferam:
393 2475 537 2512 magna
569 2461 635 2501 illa
666 2463 821 2509 lacuna,
856 2474 974 2512 quam
1007 2460 1043 2499 in
1067 2460 1164 2501 XVI.
1196 2459 1284 2498 libri
1317 2461 1418 2500 tertii
1450 2462 1577 2513 eapite
1608 2463 1713 2514 (pag.
1739 2467 1836 2514 334,

145 2532 216 2580 11)
248 2531 478 2582 detegimus,
521 2546 599 2572 non
632 2538 717 2572 orta
749 2538 807 2572 est
839 2531 1082 2582 neglegentia
1114 2531 1348 2581 interpretis
1412 2533 1513 2572 Nam
1546 2540 1587 2573 ut
1619 2535 1652 2573 is
1683 2535 1840 2586 linguae

142 2601 315 2642 Graecae
346 2603 558 2643 admodum
589 2604 698 2642 rudis
730 2609 836 2651 erat,
880 2604 932 2642 ita
973 2616 1067 2642 eura
1099 2608 1215 2653 atquc
1246 2603 1446 2652 diligentia
1491 2605 1751 2654 ignorantiam
1783 2619 1839 2646 re-

144 2671 290 2712 sarcire
321 2674 514 2715 studebat.
578 2673 773 2725 Quidquid
807 2675 922 2725 igitur
954 2674 991 2712 in
1023 2674 1122 2712 libro
1157 2687 1238 2712 suo-
1261 2673 1416 2723 invenit,
1452 2688 1521 2726 pro
1554 2689 1625 2715 sua
1659 2682 1767 2728 parte
1789 2678 1838 2717 ad

143 2745 305 2784 verbum
337 2745 547 2786 transtulit.
592 2745 798 2792 Quomodo
831 2757 922 2794 ergo
955 2758 1002 2784 ex
1036 2744 1103 2783 tali
1137 2758 1277 2784 manco
1300 2746 1432 2785 codice
1454 2746 1639 2797 integrior
1661 2749 1838 2788 recensio

142 2815 263 2855 ssuere
297 2815 448 2866 potuit?
495 2815 642 2855 Deinde
674 2815 890 2867 permultae
922 2816 1005 2854 eius
1039 2815 1224 2854 lectiones
1258 2817 1354 2855 adeo
1387 2823 1605 2869 corruptae,
1649 2819 1745 2858 adeo
1776 2819 1837 2858 de·

143 2890 328 2940 pravatae
360 2890 470 2936 sunt,
508 2891 551 2926 ut
581 2899 696 2926 nemo
729 2899 891 2939 prorsus
930 2899 976 2926 ex
1008 2886 1056 2926 iis
1089 2887 1263 2927 sinceras
1295 2888 1465 2941 potuerit
1495 2889 1679 2929 divinare.
1727 2889 1838 2938 Quis·
