2056 3326
881 158 1160 204 *32³-

321 289 430 331 1369
466 305 487 329 a
520 287 573 331 23
608 291 722 339 (217,
757 294 825 339 15)
868 293 971 332 circa
1011 296 1343 337 delectabilia...
1369 296 1472 337 cirea
1514 298 1647 338 eadem
1686 297 1781 339 haee
1815 318 1866 326 *⁴

175 358 260 411 περὶ
291 365 364 398 τῶν
395 357 519 414 ᾐὸῒέων
541 390 548 397 .
568 390 574 397 .
594 391 601 397 .
624 360 707 412 περὶ
738 366 811 399 τῶν
842 358 966 401 αὐτῶν
987 364 1139 407 τουτων.
1201 367 1304 406 Bene
1327 367 1441 417 igitur
1465 370 1672 421 interpres:
1708 369 1792 422 περὶ
1823 370 1869 408 τὰ

175 425 273 483 ᾗδὲσ.
290 460 298 468 .
316 460 349 468 ..
373 430 456 482 περὶ
488 425 584 468 αὐτὰ
615 435 745 474 ταῦτα,

321 505 430 542 1369
465 516 486 540 a
520 506 572 542 29
607 503 720 550 (217,
747 505 816 551 22)
849 506 1047 544 abundare
1071 512 1212 556 putans
1236 522 1277 546 se
1309 509 1439 559 ipsum
1466 532 1512 537 —
1539 508 1712 548 πλουτεῖν
1744 508 1870 549 δοκῶν

175 566 310 622 ἑαυτῷ.
346 573 410 610 llle
443 573 626 612 sortasse:
661 567 834 624 εὐπορεῖν
866 571 990 612 δοκῶν
1022 571 1167 614 ἑαυτόν.
1216 579 1375 624 (Confer
1400 583 1504 621 1361
1533 595 1555 619 a
1579 585 1630 622 23
1665 584 1868 630 (196,10)

178 639 353 679 πλουτεῖν
385 656 438 676 z:
472 643 627 681 divitem
661 644 778 690 esse).

321 716 430 753 1369
465 727 486 751 a
521 716 572 753 33
608 715 722 761 (217,
750 716 819 761 26)
855 716 969 754 huius
1004 718 1052 764 (Q
1085 717 1233 766 τουτου)
1279 741 1318 746 -
1354 731 1431 758 του.

324 785 433 823 1369
466 784 491 821 b
526 787 576 823 15
611 785 726 832 (218,
755 786 824 832 11)
858 800 902 825 ex
938 788 997 825 his
1032 783 1093 834 (ἐκ
1125 791 1213 836 τῶν)
1250 811 1299 816 -
1335 786 1373 828 ἐν
1404 794 1491 834 τοῖς.

321 858 430 895 1369
465 856 487 893 b
522 859 573 894 26
608 856 723 904 (218,
749 857 818 902 24)
852 870 915 895 om
948 853 972 909 ἢ
1007 859 1240 911 φαινομένων
1270 857 1306 914 ἤ.

906 939 1032 989 Caput
1067 945 1132 981 11.

323 1012 341 1049 1
352 1011 433 1048 370
447 1022 469 1047 a
484 1014 507 1049 4
521 1004 635 1059 (219,
650 1006 691 1061 9)
705 1010 862 1048 111101-
873 1003 979 1047 iem.
990 1012 1097 1060 Legit
1109 1019 1175 1052 aut
1186 1007 1291 1061 ἱέναι,
1303 1015 1534 1054 utMorelius
1547 1012 1871 1064 νυ11,ειι1ῖὶἐσθαι.

321 1082 431 1119 1370
466 1093 487 1117 a
523 1084 544 1119 5
580 1080 694 1127 (219,
723 1083 791 1127 10)
824 1086 891 1119 aut
925 1084 1138 1121 seeundum
1172 1087 1474 1125 eonsuetudines
1515 1108 1551 1113 -
1595 1086 1662 1124 καὶ
1702 1087 1749 1125 τὰ
1781 1084 1870 1141 ἐ’ὓη.

177 1151 302 1201 Legit:
337 1145 361 1202 ἢ
395 1149 494 1186 κατὰ
527 1145 617 1203 ἔθη.
671 1151 763 1189 Cod.
798 1152 827 1189 B
863 1153 1033 1191 secunda
1067 1168 1201 1194 mann:
1236 1150 1260 1207 ἢ
1293 1155 1360 1193 καὶ
1392 1156 1438 1194 τὰ
1470 1154 1582 1211 ἔθη.ν

320 1223 429 1262 1370
464 1235 485 1259 a
521 1224 569 1261 11
607 1223 722 1272 (219,
749 1220 819 1273 17)
854 1223 949 1262 dixit
982 1219 1091 1277 (ἔφη)
1131 1247 1174 1252 -
1211 1222 1294 1278 ἔχω.

320 1295 430 1333 1370
465 1306 486 1330 a
524 1296 575 1332 25
612 1289 731 1343 (220,
756 1291 798 1345 8)
839 1307 1092 1344 quascunque
1125 1310 1170 1334 ex
1206 1309 1417 1346 persuasos
1449 1282 1536 1337 esee
1561 1319 1610 1324 —
1636 1293 1709 1336 ὅσα
1740 1293 1786 1335 ἐκ
1807 1301 1873 1336 τοῦ

176 1361 383 1416 πεισθῆναι
415 1357 675 1415 ἐπιθυμοῦσιν.

320 1438 430 1476 1370
464 1449 486 1473 a
520 1438 568 1475 31
606 1435 722 1485 (220,
751 1434 822 1488 14)
856 1438 981 1486 inagis
1015 1435 1200 1489 (μᾶλλον)
1237 1459 1288 1466 ·-
1313 1441 1386 1479 Act
1416 1435 1512 1491 ἅμα,
1547 1441 1686 1488 QYZ:
1721 1438 1841 1492 μάλα.
1909 1464 1912 1468 -

319 1508 428 1546 1379
462 1503 486 1544 b
521 1510 543 1545 5
579 1502 693 1554 (220,
719 1506 792 1559 23)
827 1514 915 1558 post
948 1510 1149 1558 angustias
1185 1530 1233 1536 ——-
1270 1510 1366 1562 μετὰ
1401 1510 1474 1561 γάρ
1507 1522 1545 1547 τε
1577 1509 1645 1548 καὶ
1676 1507 1840 1561 ἄλγεσιν.

320 1578 430 1616 1370
456 1577 478 1614 b
503 1578 524 1615 8
559 1574 673 1627 (220,
696 1575 767 1629 27)
800 1579 973 1628 proficua
1007 1581 1088 1618 fore
1121 1582 1288 1619 multum
1314 1579 1488 1620 videntur
1515 1603 1570 1609 —
1590 1576 1750 1635 ὠφελεῖν
1781 1581 1872 1635 φαί-

175 1657 274 1683 νεται
307 1643 471 1698 μεγάλα.
506 1647 588 1686 Ille:
623 1642 834 1700 ὠφελήσειν
867 1646 966 1686 πολὺ
999 1649 1196 1702 qaut-aetat?

320 1720 430 1759 1370
463 1719 487 1756 b
521 1722 544 1758 9
579 1715 694 1770 (220,
720 1716 791 1771 27)
825 1727 988 1770 prosunt
1020 1716 1252 1774 (tb‘peket)—
1288 1717 1458 1776 ὠφελεῖν.

320 1791 430 1829 1370
454 1790 477 1828 b
503 1793 549 1830 11
579 1787 694 1839 (221,
721 1788 762 1841 2)
787 1793 888 1841 quod
915 1825 921 1832 .
944 1823 951 1830 .
973 1824 979 1831 .
1005 1793 1157 1832 dulcius
1185 1815 1228 1820 —
1259 1788 1301 1836 ὅς
1323 1805 1359 1830 τε
1383 1823 1390 1830 .
1410 1823 1417 1830 .
1437 1823 1444 1831 .
1467 1788 1643 1843 γλυκίων.
1677 1795 1872 1833 Invenisse

176 1861 341 1899 videtur:
374 1855 395 1897 ὅ
426 1871 463 1897 τε
487 1890 494 1897 .
514 1889 521 1897 .
541 1889 548 1897 .
571 1857 736 1909 γλῦκιον.

321 1935 431 1974 1370
465 1933 488 1970 b
522 1936 574 1972 23
610 1933 724 1983 (221,
752 1930 821 1984 14)
855 1935 920 1972 sed
955 1940 990 1973 et
1023 1948 1109 1973 culn
1146 1936 1274 1983 (Mmz
1311 1937 1376 1974 sed
1410 1937 1526 1975 etiani
1559 1934 1665 1983 cuni)
1698 1936 1871 1975 absentis

177 2004 366 2042 recordati
404 2024 449 2030 ——
488 1998 592 2040 ἀλλὰ
624 2002 692 2040 καὶ
724 1999 887 2047 ἀπόντος
919 2005 1162 2058 μεμνημένοι,

321 2076 431 2115 1370
465 2075 487 2112 b
522 2078 575 2115 24
608 2076 722 2125 (221,
751 2072 821 2127 15)
855 2077 986 2126 utique
1019 2083 1053 2115 et
1087 2090 1175 2115 cuin
1212 2099 1260 2103 k*
1296 2076 1363 2115 καὶ
1395 2072 1499 2122 ὅταν,
1533 2078 1598 2116 sed
1623 2078 1673 2116 Αὓ
1694 2072 1795 2115 ὅτόὶν.

321 2148 431 2186 1370
464 2144 487 2183 b
522 2149 574 2185 26
610 2141 821 2195 (221,17)
855 2148 901 2185 de
934 2161 1008 2185 non
1043 2149 1180 2187 adesse
1215 2169 1265 2174 —-
1301 2143 1361 2185 ἐπὶ
1392 2152 1443 2199 τῷ
1476 2148 1531 2201 μὴ
1563 2142 1759 2201 ὑπάρχειν.
1810 2149 1870 2188 Ad

177 2216 279 2254 hunc
320 2217 449 2255 locum
489 2218 647 2256 adnotat
679 2218 882 2257 Morelius:
939 2219 1162 2268 „Antiquns
1204 2220 1394 2269 interpres
1427 2220 1576 2257 videtur
1615 2220 1758 2268 legisse
1789 2218 1873 2271 περὶ

175 2290 240 2324 τοῦ
271 2286 326 2340 μὴ
359 2281 583 2340 ὑπάρχεινίί.
616 2289 721 2327 Haec
755 2289 885 2339 opinio
920 2304 996 2328 non
1029 2290 1081 2328 ita
1118 2291 1327 2340 probabilis
1361 2297 1430 2329 est.
1473 2291 1579 2329 Licet
1610 2291 1712 2329 enin]
1746 2287 1872 2329 videre

177 2359 425 2409 interpretem
460 2373 576 2409 saepe
609 2361 779 2410 quidem,
815 2362 1044 2410 praesertim
1079 2362 1114 2399 in
1150 2361 1248 2400 libro
1285 2362 1420 2411 primo,
1457 2361 1785 2411 praepositionem
1811 2355 1872 2397 ἐπὶ

178 2443 266 2468 enni
298 2430 384 2469 Dat.
419 2431 668 2469 coniunctum
704 2432 991 2482 praepositione
1023 2433 1089 2480 in,
1125 2433 1251 2471 rarius
1286 2445 1438 2482 super
1471 2432 1646 2478 reddere3
1686 2433 1752 2470 sed
1785 2432 1870 2470 aliis

179 2501 302 2552 iisque
333 2515 409 2540 non
444 2502 578 2552 paucis
612 2509 775 2553 usurpat
808 2503 922 2542 etiarn
957 2504 1031 2551 de,
1067 2510 1107 2542 ut
1143 2507 1253 2544 1386
1278 2504 1300 2542 b
1325 2506 1378 2543 30
1403 2503 1516 2550 (261,
1545 2504 1614 2549 18)
1648 2503 1720 2552 bis,
1758 2504 1867 2544 1387

179 2586 200 2610 a
236 2570 271 2620 1,
307 2576 344 2620 2,
381 2575 416 2619 9,
455 2576 519 2621 10,
558 2577 621 2620 12,
660 2577 723 2621 13,
760 2575 873 2621 (261,
910 2578 975 2622 23,
1013 2578 1078 2622 24,
1116 2578 1181 2622 30,
1218 2578 1285 2622 32,
1321 2577 1416 2615 262.
1454 2577 1476 2614 2
1511 2574 1600 2620 bis).

321 2646 432 2685 1370
457 2645 479 2682 b
504 2647 556 2684 26
585 2645 699 2695 (221,
727 2642 796 2695 17)
829 2658 873 2683 ex
900 2645 1150 2684 memorando
1173 2639 1235 2696 (ἐκ
1256 2647 1320 2682 τοῦ
1343 2643 1401 2697 μ.)
1432 2666 1476 2670 *—
1504 2639 1541 2681 ἐν
1563 2648 1614 2694 τῷ
1638 2642 1874 2698 μεμνῆσθαι.

323 2717 432 2755 1370
457 2715 479 2753 b
504 2717 553 2755 27
580 2711 694 2764 (221,
723 2712 793 2768 18)
817 2721 852 2754 et
880 2717 1048 2766 qualia
1080 2716 1155 2765 egit
1177 2721 1213 2755 et
1236 2717 1362 2766 qualis
1385 2721 1466 2754 erat
1492 2737 1537 2741 -—
1565 2713 1632 2752 καὶ
1653 2713 1679 2753 ἃ
1700 2711 1872 2768 ἔπραττε,

177 2781 244 2823 καὶ
274 2778 353 2829 οἷος
385 2780 441 2838 ἦν.

324 2860 434 2898 1370
470 2857 491 2895 b
525 2860 573 2897 81
614 2857 727 2906 (221,
754 2856 825 2910 21)
859 2857 960 2897 enini
995 2876 1045 2887 .-
1081 2853 1135 2898 δέ.

324 2929 430 2970 1371
467 2943 489 2968 a
523 2932 576 2970 24
611 2924 726 2980 (222,
751 2926 823 2982 23)
856 2928 949 2969 haee
986 2950 1034 2956 -
1072 2920 1201 2968 ταῦτά.
