2056 3326
0 1976 26 2063 *ij

30 1980 48 2043 ’ν

881 147 1168 195 ..m-

176 297 293 326 nemo
325 283 465 332 adhuc,
500 285 603 336 quod
636 298 707 333 ego
740 282 896 335 quidem
929 284 1064 328 sciam.
1098 290 1246 323 eertum
1279 285 1492 335 quidquam
1527 281 1697 333 protulit.
1746 283 1876 334 Atqui,

176 362 218 396 ut
250 356 303 395 ait
326 356 616 398 Laclnnanuus,
653 356 821 406 primum
845 362 903 394 est
936 361 1052 405 atque
1086 355 1313 406 primm-ium
1343 355 1513 394 offic-ium
1536 354 1633 401 eius,
1667 355 1730 404 qui
1755 360 1877 394 artem

175 427 350 466 criticam
373 440 554 466 exercere
577 427 677 472 vetit,
707 426 1012 476 uniuscuiusqm·
1035 426 1180 464 codicis
1209 427 1385 473 detegere
1416 427 1573 465 sontem.
1609 425 1749 463 Verum
1773 426 1876 465 enim

175 497 342 536 editores
375 511 461 536 eam
486 497 658 536 numeris
684 502 831 547 partem
857 511 931 535 non
956 498 1089 535 cautem
1123 497 1320 545 diligentia
1344 510 1419 546 qna
1442 502 1590 535 ceteras
1613 497 1877 546 expleverunt.

175 567 370 606 Victorius
403 568 557 618 quidem
593 568 689 606 satis
722 567 836 605 habet
869 567 997 604 (livere
1039 567 1333 606 translationem
1375 568 1603 617 plertnnque
1645 568 1878 606 concordem

175 651 263 677 esse
295 651 383 676 cum
426 638 575 688 optimo
618 638 715 676 libro
748 637 856 687 (AC).
900 642 932 673 et
975 637 1089 675 liuius
1124 637 1190 675 riri
1232 637 1502 675 aucun-itatem
1545 637 1608 675 ulii
1649 644 1877 687 sequnntur,

176 709 279 748 velut
311 708 530 759 vatorum,
565 708 710 758 quippe
742 707 806 757 qui
840 708 940 745 ‹lit-at
978 709 1206 757 plerumque
1228 721 1314 745 eum
1339 721 1426 745 eum
1451 707 1583 745 codim·
1604 708 1879 758 antiquissimo

175 780 409 826 consentire,
444 780 495 818 ita
529 784 569 817 ut
603 779 806 828 utriusque
840 784 967 816 textus
1002 779 1047 816 :ul
1084 792 1202 816 nnmn
1239 780 1383 816 sontem
1419 779 1640 816 referendus
1683 779 1744 817 sit.
1809 780 1880 818 Ac·

175 851 348 889 curatius
381 850 428 888 de
450 849 522 888 hac
547 863 586 887 re.
611 855 649 887 ut
673 850 719 887 de
743 849 938 887 sexcentis
962 849 1047 887 aliis·
1073 849 1240 898 Spengel
1265 849 1441 894 ‹lissa-riu
1477 850 1542 886 sed
1569 863 1614 887 ne
1638 849 1699 887 liic
1723 850 1878 900 quidem

174 934 313 960 omnes
347 921 446 959 tollit
475 920 750 958 dubitationes.
808 920 938 969 ltaque
962 925 996 957 et
1030 920 1101 957 liae
1138 933 1176 957 re
1211 925 1410 969 permotus
1444 925 1480 957 et
1514 920 1653 958 tidueia
1687 920 1880 971 impulsus

174 1006 238 1032 me
275 991 475 1030 nonnullis
516 991 614 1029 loeis
659 991 802 1029 rectius
845 1004 961 1040 quum
1002 991 1108 1028 illum
1143 991 1285 1029 vidisse
1332 1005 1402 1039 ego
1435 1004 1556 1028 ansus
1599 1005 1685 1030 sum
1726 994 1881 1041 aggredi

175 1064 223 1102 ad
255 1063 329 1101 hoc
363 1075 519 1103 munus.
586 1063 696 1109 Quod
739 1062 966 1112 priusquam
1015 1062 1242 1111 suscipimn,
1278 1075 1344 1100 eos
1375 1062 1496 1108 locos,
1541 1063 1680 1112 quilius
1713 1065 1878 1114 Spengel

175 1139 242 1173 aut
273 1139 375 1172 errat
398 1139 464 1172 aut
487 1134 602 1172 verba
627 1133 762 1171 Latina
786 1133 973 1171 audacius
998 1133 1033 1171 in
1059 1133 1472 1182 suspicionem‚voc-at,
1507 1133 1642 1182 paucis
1664 1134 1879 1175 absolvam.

319 1207 431 1245 1354
464 1218 485 1242 a
520 1208 542 1244 2
577 1203 691 1254 (178,
718 1200 760 1254 2)
793 1202 902 1240 κοινὰ
934 1225 981 1230 —
1010 1203 1281 1243 rmnmuniter.
1329 1203 1412 1249 Quo
1446 1203 1527 1241 iure
1560 1204 1726 1253 Spengel
1761 1218 1881 1244 com-

174 1275 347 1314 munia
380 1280 514 1322 mutet,
551 1275 710 1313 minime
745 1275 961 1325 perspiciog
996 1274 1137 1313 etenim
1170 1287 1259 1311 eum
1293 1287 1430 1312 omnes
1463 1275 1630 1321 codices,
1665 1274 1782 1313 etiam
1816 1277 1880 1315 ille

174 1345 390 1392 Parisinus,
425 1346 608 1385 exhibent
641 1346 985 1391 communiter,
1022 1351 1101 1383 tum
1127 1344 1373 1382 coniecturae
1396 1358 1589 1382 commu
1605 1346 1684 1384 nia
1707 1360 1875 1396 sequens

175 1418 336 1457 verbum
368 1423 446 1456 est
480 1431 597 1467 quam
632 1417 802 1455 maxime
835 1418 1074 1456 adversatur.
1111 1416 1368 1454 Statuendum
1398 1415 1513 1463 igitur
1542 1422 1599 1454 est
1629 1416 1879 1467 interpretem

175 1488 318 1538 legisse
350 1491 461 1539 κοινῇ
495 1489 551 1526 vel
584 1491 734 1530 κοινῶς.

319 1562 432 1600 1354
455 1572 478 1597 a
503 1563 554 1599 19
589 1558 704 1607 (178,
732 1557 803 1609 20)
837 1552 876 1594 ἐν
907 1551 1022 1599 ἐνίαις
1053 1568 1095 1605 γε
1127 1558 1189 1592 νῦν
1221 1550 1298 1592 ἐστὶ
1330 1559 1402 1591 τῶν
1433 1551 1584 1592 πόλεων
1614 1554 1682 1594 καὶ
1713 1554 1882 1609 μάλιστα

173 1633 258 1673 ταῖς
278 1624 578 1682 εὐνομουμέναις
601 1650 646 1656 —·
670 1630 707 1667 in
736 1629 971 1679 quibusdam
1004 1627 1203 1665 civitatum
1232 1640 1335 1664 nunc
1368 1632 1427 1664 est
1458 1632 1493 1664 et
1524 1628 1692 1666 maxime
1718 1629 1754 1667 in
1785 1630 1881 1668 bene

174 1702 364 1741 ordinatis
388 1701 551 1751 legibus.
599 1701 780 1751 Spengel,
816 1705 857 1738 ut
889 1713 935 1737 ex
969 1699 1051 1737 eius
1085 1698 1336 1736 adnotatione
1370 1710 1455 1747 pag.
1484 1700 1563 1737 178
1599 1699 1734 1746 elucet,
1772 1706 1881 1750 putat

178 1773 431 1824 interpretem
472 1772 614 1821 legisse
652 1768 822 1823 μάλιστα
865 1764 912 1807 ἐν
951 1772 1048 1812 ταῖς,
1114 1769 1184 1808 Cui
1226 1768 1399 1818 opinioni
1435 1781 1510 1806 non
1547 1770 1763 1818 assentior;
1806 1771 1880 1810 vidi

175 1843 279 1883 enim
317 1843 581 1894 interpretem,
616 1856 692 1893 quo
731 1842 883 1881 facilius
922 1842 1037 1880 verba
1074 1841 1368 1889 intellegantur,
1413 1840 1742 1889 praepositionem
1776 1847 1880 1881 ante-

175 1915 376 1955 cedentem
409 1914 661 1953 consuevisse
693 1918 878 1963 repetere,
915 1912 1068 1951 etiamsi
1103 1911 1138 1949 in
1174 1911 1322 1949 Graeco
1356 1911 1536 1960 exemplo
1575 1924 1651 1949 non
1685 1911 1880 1952 invenisse

174 1987 362 2027 videatur.
416 1985 501 2024 Hoc
534 1990 575 2024 ut
606 1985 885 2031 demonstrem,
921 1984 1016 2023 satis
1049 1983 1172 2022 habeo
1205 1983 1277 2021 hos
1310 1983 1418 2020 locos
1452 1983 1608 2021 afferre:
1645 1985 1755 2023 1359
1780 1997 1802 2022 a
1827 1988 1878 2024 22

176 2053 293 2110 (191,
317 2053 360 2109 4)
392 2054 478 2108 περὶ
509 2053 704 2108 μεγέθους
735 2053 804 2092 καὶ
835 2054 1065 2107 μικρότητος
1097 2052 1165 2091 καὶ
1196 2056 1260 2090 τοῦ
1288 2051 1460 2104 μείζονος
1488 2050 1555 2089 καὶ
1586 2055 1650 2090 τοῦ
1680 2047 1881 2098 ἐλάττονος

178 2149 230 2155 -·
255 2129 302 2168 de
326 2127 591 2178 magnitudine
618 2132 655 2166 et
678 2127 866 2177 parvitate
898 2131 934 2165 et
963 2127 1018 2165 de
1046 2125 1181 2164 maiori
1206 2130 1241 2163 et
1266 2124 1424 2171 minori3
1456 2125 1566 2164 13:39
1586 2124 1610 2162 b
1630 2127 1682 2164 10
1701 2123 1815 2173 (192,
1837 2122 1879 2176 3)

176 2195 222 2238 ἔκ
248 2210 287 2236 τε
314 2202 384 2252 τῆς
416 2193 649 2251 &vatum-qq
680 2192 893 2250 ἐπιστήμης
921 2195 990 2233 καὶ
1021 2200 1090 2249 τῆς
1123 2193 1206 2246 περὶ
1238 2194 1284 2232 τὰ
1315 2191 1401 2247 ἤθη
1432 2190 1632 2247 πολιτικῆς
1652 2216 1700 2220 ——
1724 2208 1770 2234 ex
1803 2196 1880 2235 dia-

176 2270 314 2310 lectica
346 2269 508 2309 scientia
539 2275 576 2308 et
608 2282 663 2308 ex
697 2282 742 2308 ea
774 2282 873 2319 quae
906 2269 1010 2306 cirea
1044 2280 1170 2306 mores
1206 2267 1383 2317 politica;
1420 2269 1530 2306 1359
1550 2266 1573 2303 b
1590 2268 1638 2305 21
1666 2262 1782 2316 (192,
1810 2262 1880 2318 14)

177 2341 293 2393 prior.
319 2355 500 2392 praepos
525 2354 615 2380 cum
634 2341 675 2389 C,
710 2340 853 2380 recenti
887 2347 1002 2390 atque
1031 2339 1264 2389 interpolato
1294 2334 1518 2384 ecdice**):
1553 2334 1637 2387 περί
1668 2347 1707 2373 τε
1739 2336 1879 2387 πόρων,

176 2410 244 2450 καὶ
275 2408 448 2465 πολέμοι)
479 2409 546 2449 καὶ
578 2405 743 2464 εἰρήνης,
775 2406 828 2448 ἔτι
859 2407 901 2447 δὲ
934 2408 1017 2461 περὶ
1049 2405 1232 2462 φυλακῆς
1265 2412 1333 2461 της
1365 2407 1502 2460 χώρας
1535 2405 1603 2443 καὶ
1631 2410 1704 2443 τῶν
1733 2400 1880 2456 eison-(0—

176 2482 299 2536 μένων
326 2504 372 2511 -
399 2484 446 2523 de
470 2483 720 2535 proventibus
753 2488 789 2522 et
820 2484 878 2521 de
910 2483 1011 2520 bello
1041 2486 1077 2519 et
1107 2494 1223 2531 paee3
1258 2479 1384 2518 adhuc
1415 2484 1543 2518 autem
1575 2482 1612 2516 et
1634 2479 1680 2516 de
1703 2477 1881 2517 custodia

177 2553 364 2604 regionis,
407 2559 444 2594 et
476 2555 532 2594 de
564 2554 625 2593 his
659 2567 758 2605 quae
790 2553 1029 2599 inferuntur;
1065 2554 1177 2592 1360
1211 2552 1234 2590 b
1268 2553 1320 2591 36
1354 2546 1469 2602 (195,
1507 2547 1577 2598 12)
1609 2543 1668 2586 ἐπ’
1703 2543 1821 2600 ἀρετῇ
1853 2542 1879 2601 ἢ

176 2620 331 2676 πλοὺτῳ
371 2619 396 2677 ἢ
437 2621 548 2676 ἄλλῳ
593 2645 644 2652 —-
689 2625 727 2664 in
760 2624 898 2663 virtute
941 2629 1006 2662 aut
1049 2622 1094 2660 in
1135 2621 1276 2660 divitiis
1319 2627 1384 2660 aut
1426 2621 1474 2659 in
1509 2621 1607 2666 ali03
1653 2622 1762 2661 1365
1797 2620 1820 2658 b
1855 2622 1878 2660 8

178 2696 293 2744 (207,
320 2696 390 2742 15)
422 2694 520 2747 πρὸς
550 2694 592 2733 τὸ
625 2694 692 2749 ζῆν
723 2692 792 2733 καὶ
823 2687 864 2732 εὖ
897 2693 964 2747 ζῆν
995 2691 1063 2730 καὶ
1096 2691 1162 2744 τὴν
1194 2686 1334 2744 ἡδονὴν
1366 2689 1434 2728 καὶ
1462 2689 1504 2728 τὸ
1536 2690 1712 2742 πράττειν
1747 2711 1796 2717 —
1832 2691 1881 2730 ad

321 2798 356 2841 *)
391 2797 733 2834 Animadversiones
768 2802 803 2833 et
838 2796 1008 2832 lectiones
1044 2796 1087 2829 ad
1124 2794 1326 2830 Aristotelis
1364 2794 1475 2829 libros
1509 2797 1582 2828 tres
1618 2793 1879 2829 rhetoricorum

181 2856 270 2892 1794
298 2867 378 2901 pag.
403 2856 459 2891 VI.

302 2915 356 2960 **)
379 2915 468 2952 Vide
494 2915 665 2962 Spengel:
693 2915 808 2952 Ueber
833 2916 889 2951 die
915 2912 1091 2951 Rhetorik
1117 2913 1178 2948 des
1204 2912 1416 2948 Aristoteles
1444 2911 1531 2948 1851
1545 2924 1554 2956 ;
1581 2922 1660 2958 pag.
1688 2911 1730 2947 553
1757 2911 1879 2949 adnot.
