2056 3326
872 151 1161 197 -38-

173 300 288 339 posse
319 286 512 328 existimo,
566 285 679 325 Talia
709 284 837 334 igitur,
871 297 971 335 quae
1002 297 1074 334 ego
1105 297 1186 323 non
1216 283 1342 335 magis
1373 297 1491 334 quam
1521 284 1560 331 ii,
1591 284 1657 337 qui
1688 289 1778 325 ante
1798 297 1860 324 me

170 358 270 398 hanc
289 357 584 396 translationem
606 355 840 406 perscrutati
863 360 965 402 sunt,
989 355 1184 405 explicare
1206 355 1325 405 potui,
1348 355 1614 404 sagacioribus
1627 355 1858 406 relinquam.

171 428 359 468 Omittam
391 439 556 476 quoque,
591 439 689 476 quae
722 426 888 476 quisque
921 425 1033 465 facile
1074 425 1253 474 corrigat,
1286 425 1443 472 veritus,
1484 438 1532 464 ne
1569 426 1657 476 quis
1696 439 1758 465 me
1798 426 1862 464 ad·

170 504 328 539 moneat
349 498 439 537 dicti
463 496 657 546 Spengeli,
691 496 755 546 qui
786 496 1013 547 profiteatur
1044 509 1086 536 se
1117 496 1218 535 hanc
1247 495 1545 535 translationem
1575 509 1654 535 non
1673 496 1864 536 tironibus

170 571 333 616 tradere,
368 568 435 606 sed
466 567 558 605 viris
590 566 727 605 doctis.

315 641 425 680 1360
459 638 482 676 b
518 639 567 678 31
604 637 719 684 (195,
755 636 797 683 8)
837 634 879 673 τὸ
911 630 1159 689 αὒτὸχθονας
1190 631 1215 688 ἢ
1248 630 1440 689 ἀρχαίους
1471 630 1563 673 εἶναι
1596 658 1648 663 -
1682 632 1745 675 sui
1769 635 1864 674 iuris

172 711 352 760 antiquos
385 721 483 747 esse.
546 707 706 746 Miretur
748 707 910 746 forsitan
943 707 1106 758 aliquis,
1151 708 1338 757 quidnam
1370 708 1431 746 hic
1472 707 1664 757 interpres
1696 706 1736 745 in
1765 706 1864 745 libro

173 794 243 820 suo
276 779 474 819 invenerit.
539 777 640 815 Huic
684 779 965 827 respondeam:
1006 778 1100 816 nihil
1141 778 1246 817 aliud
1285 791 1402 828 quam
1443 791 1528 817 nos.
1593 778 1742 816 Etenim
1775 789 1866 815 cum

171 852 281 890 litera
302 864 323 887 r
345 863 421 887 non
453 861 541 887 raro
574 849 804 898 depravetur
837 849 874 886 in
907 848 1060 887 literam
1085 850 1107 896 ἰ,
1142 854 1178 887 et
1210 854 1299 887 ante
1331 850 1490 887 verbum
1523 848 1743 898 antiquos
1776 860 1864 886 con-

173 921 317 959 iunctio
351 924 434 958 aut
467 918 579 957 facile
613 918 737 968 possit
769 919 958 963 excidere,
992 920 1279 958 emendandum
1305 924 1382 957 est:
1417 919 1494 957 sui
1527 919 1656 957 ruris
1689 922 1772 957 aut
1794 931 1864 956 an-

172 993 345 1042 tiquos
395 1003 513 1028 esse.
579 989 684 1035 (Not.
718 989 928 1035 ruralis,
977 989 1285 1036 rusticitas,
1334 989 1570 1028 rusticus
1618 989 1871 1027 inveniuntur·

171 1062 274 1112 apud
295 1061 559 1110 interpretem,
583 1060 742 1097 verbum
758 1056 873 1110 χθών
895 1064 1024 1098 autem
1048 1060 1123 1099 alio
1145 1062 1231 1098 loco
1253 1061 1437 1099 transfert
1459 1060 1700 1099 substantivo
1723 1058 1869 1109 regio3

173 1135 268 1179 230,
306 1134 355 1171 15
390 1129 708 1180 appropriatione
740 1129 799 1168 sui
835 1142 886 1164 =
920 1135 1156 1182 σφετερισμῷ
1189 1126 1355 1178 ἑαυτοῦ).

317 1203 424 1241 1361
463 1214 485 1239 a
518 1202 570 1240 35
606 1200 721 1247 (196,
758 1199 830 1245 22)
862 1198 967 1250 γέρα,
999 1200 1137 1253 τεμένη
1175 1222 1222 1227 —-
1259 1199 1498 1239 constructio
1531 1201 1665 1251 templi
1697 1201 1868 1251 antiqua.

171 1271 307 1324 τεμένη
347 1272 495 1310 reddita
536 1283 623 1308 esse
657 1270 780 1308 verbis
814 1271 1001 1320 templa
1041 1271 1253 1321 antiqua
1285 1271 1380 1309 mihi
1418 1271 1495 1310 iam
1529 1272 1699 1321 primum
1729 1271 1872 1321 legenti

173 1342 365 1392 apparuit,
418 1341 491 1379 Diu
525 1346 655 1379 autem
687 1341 934 1390 multumque
965 1340 1148 1388 dubitavi,
1183 1341 1274 1391 quid
1307 1334 1518 1380 iudicarem
1550 1342 1597 1380 de
1623 1343 1737 1380 verbo
1770 1355 1871 1391 con-

175 1413 401 1452 structio.
457 1412 633 1450 Tandem
666 1411 769 1449 hunc
802 1411 933 1449 locum
966 1411 1117 1450 inveni:
1154 1414 1264 1452 1378
1289 1413 1313 1450 b
1337 1415 1386 1452 31
1419 1412 1535 1460 (242,
1561 1412 1603 1459 4)
1635 1409 1737 1460 λέγει
1768 1406 1872 1462 ὄργι-

173 1483 331 1535 ζόμενος
353 1477 600 1534 ὁθΑχιλλεὺς
625 1476 850 1534 (ι’ᾖτίμησεν·
878 1476 976 1518 ἑλὼν
997 1480 1071 1532 γὰρ
1093 1477 1176 1534 ἔχει
1197 1481 1341 1533 γέρας”
1363 1503 1411 1508 -
1430 1483 1522 1521 dicit
1539 1483 1660 1522 iratus
1679 1483 1871 1522 Achilles:

174 1553 448 1599 dehonoravit3
483 1552 679 1602 accipiens
703 1552 805 1590 enim
830 1552 948 1590 habet
969 1553 1271 1593 venerationem.
1326 1554 1428 1592 Tum
1456 1554 1617 1603 cognovi
1639 1553 1873 1593 emendatio-

174 1638 263 1664 nem
296 1619 670 1673 venersationes,
705 1623 883 1672 templa
915 1623 1118 1672 antiqua
1149 1623 1211 1662 vix
1245 1637 1361 1674 posse
1393 1625 1563 1663 refutari.

319 1698 427 1735 1365
463 1708 484 1732 a
519 1696 571 1734 14
606 1692 719 1739 (206,
756 1694 825 1739 13)
858 1689 949 1729 λαοὶ
980 1692 1048 1744 μὲν
1080 1691 1315 1746 φθινῦθοοσι
1353 1716 1398 1721 ——
1436 1695 1570 1745 populi
1603 1695 1758 1745 quidem
1791 1707 1874 1745 per-

177 1766 401 1812 mittuntur3
436 1779 497 1806 m:
532 1769 781 1815 permuntur;
815 1764 1098 1803 restituendum
1131 1771 1211 1803 est:
1247 1766 1558 1815 perimuntur.

321 1839 430 1877 1365
450 1851 472 1874 a
491 1839 542 1876 26
567 1836 680 1882 (206,
698 1834 767 1881 23)
795 1832 944 1885 πρόσθε
977 1833 1046 1886 μὲν
1073 1830 1169 1888 ἀμφ’
1194 1830 1349 1887 ὤμοισιν
1370 1831 1475 1888 ἔχων
1496 1838 1679 1888 τραχεῖαν
1707 1831 1870 1873 ἄσιλλαν

173 1902 296 1959 ἰχθῦς
327 1901 366 1950 ἐξ
393 1901 568 1957 ’νΑργοος
599 1900 652 1948 εἰς
684 1900 830 1953 Τεγέαν
861 1900 996 1957 ἔφερον
1022 1927 1072 1932 -
1098 1907 1269 1945 anterius
1302 1907 1457 1957 quidem
1490 1912 1694 1957 aspectum
1724 1907 1876 1946 habens

179 1984 215 2017 et
249 1992 366 2028 super
407 1983 616 2027 utrumque
656 1977 863 2014 humerum
902 1976 1064 2014 isultum
1105 1977 1224 2027 piscis
1258 1991 1303 2016 ex
1336 1978 1423 2017 navi
1464 1979 1502 2017 in
1535 1983 1636 2016 terra
1669 1978 1873 2016 ferebatur.
1920 2002 1925 2005 -

178 2050 215 2087 M
249 2050 406 2099 praebet
439 2061 508 2098 pro
542 2049 655 2085 verbo
689 2047 888 2085 isultum
920 2048 1037 2085 verba
1076 2047 1311 2086 insultos
1343 2048 1559 2095 habens,
1603 2062 1659 2087 m:
1707 2048 1874 2087 insul-

179 2125 277 2159 tum
311 2120 335 2157 h
348 2120 527 2165 abens,
562 2118 720 2156 deinde:
755 2122 956 2156 terram.
1005 2118 1090 2156 Non
1125 2131 1239 2157 nemo
1272 2124 1384 2168 neget
1416 2132 1556 2169 operae
1589 2118 1758 2168 pretium
1788 2131 1876 2158 esse

178 2191 273 2229 haec
305 2190 437 2227 verba.
471 2202 569 2238 quae
601 2187 883 2226 inextricabilia
916 2201 1003 2226 esse
1034 2189 1223 2236 videntur,
1265 2191 1485 2230 emendare.
1549 2189 1712 2236 Tamen,
1748 2191 1876 2240 quoad

178 2261 260 2299 eius
294 2261 419 2298 facere
454 2272 626 2309 possum,
670 2260 852 2297 conabor.
917 2259 1044 2308 Atque
1085 2259 1254 2309 primum
1287 2266 1395 2298 muto
1428 2262 1586 2299 verbum
1619 2265 1876 2310 aspectum

178 2332 293 2369 verbo
323 2344 565 2380 asperum
597 2330 706 2368 nisus
730 2330 986 2368 translatione
1017 2329 1191 2369 eiusdem
1213 2344 1349 2369 versus
1382 2345 1418 2381 p.
1441 2333 1550 2372 1367
1569 2332 1593 2369 b
1614 2333 1664 2371 18
1685 2331 1798 2378 (213,
1820 2330 1874 2376 6).

177 2402 323 2440 Deinde
356 2402 546 2451 interpres
580 2406 621 2439 ut
653 2414 725 2439 ros
748 2401 839 2449 legit
871 2396 1046 2445 ἄῦιλλαν,
1088 2401 1167 2439 sive
1198 2402 1272 2440 hoc
1306 2403 1464 2440 verbum
1506 2401 1750 2440 substantivo
1792 2400 1877 2438 ful-

179 2486 315 2511 crum
349 2472 427 2510 sivc
459 2473 718 2518 assula1n*)
753 2472 832 2509 sive
864 2472 1158 2510 asserentum
1193 2472 1492 2518 (asserctum)
1526 2471 1736 2510 transtulit.
1774 2471 1877 2509 Tum

179 2543 322 2581 invenit
355 2537 392 2585 ἐξ
414 2537 581 2593 Ἀργοῦς
614 2543 667 2589 (ct
701 2543 866 2580 fortasse
899 2542 936 2580 in
971 2542 1144 2590 margine
1170 2542 1359 2594 σκάφους,
1392 2543 1494 2592 quod
1529 2541 1639 2580 vertit
1671 2541 1792 2588 navi)
1825 2534 1878 2584 εἰς

177 2625 216 2649 τε
247 2607 339 2662 γέαν
371 2609 510 2663 (γαῖαν,
545 2609 718 2664 terram).
783 2613 923 2651 Utrum
965 2617 1092 2651 autem
1127 2607 1258 2663 ὤμοιϊν
1290 2613 1422 2662 legerit
1460 2626 1509 2651 an
1548 2612 1878 2663 praepositionem

178 2679 305 2736 ἀμφὶ
349 2685 578 2733 pronomine
621 2690 818 2733 uterque
859 2683 1022 2729 dederit,
1068 2688 1197 2721 utrum
1237 2678 1373 2735 ἔφερον
1411 2697 1459 2721 an
1501 2679 1646 2736 ἔφερεν,
1687 2688 1730 2722 ut
1773 2683 1877 2733 apud

187 2754 436 2793 Eustatlaium
470 2755 658 2804 scriptum
692 2760 768 2802 est,
812 2759 853 2792 ut
884 2754 1001 2792 dubia
1031 2753 1068 2791 in
1102 2754 1229 2791 medio
1261 2754 1452 2804 relinquo.
1515 2753 1720 2804 Utcunque
1749 2757 1880 2792 autem

322 2846 356 2889 *)
385 2846 516 2881 Confer
532 2846 583 2879 Du
601 2846 738 2889 Gange:
766 2856 870 2879 assa
897 2855 943 2875 z
968 2845 1104 2888 lignum
1131 2844 1241 2879 latum
1268 2847 1302 2880 et
1322 2845 1502 2887 dolatum;
1530 2845 1636 2880 huius
1662 2839 1876 2879 substantivi

177 2905 439 2944 deminutivum
467 2908 520 2940 est
546 2905 665 2940 asilo
692 2909 725 2941 et.
752 2905 922 2940 assuta.
