2056 3326
917 125 1205 167 -66-

214 259 327 310 παρὰ
349 260 517 298 absurde
540 257 782 297 substantivo
815 269 835 294 o
850 256 1226 306 omparatione,
1259 255 1357 306 πρὸς
1379 269 1468 294 vero
1490 257 1606 294 verbo
1628 261 1917 307 respectum

220 331 428 370 reddiderit
461 329 622 377 (confer.
647 340 733 377 pag.
749 324 835 376 41),
871 339 999 364 nonne
1020 326 1122 364 idem
1145 339 1280 376 praep.
1304 320 1365 362 ἐπί
1386 326 1513 364 verbis
1535 326 1582 364 in
1604 326 1783 366 habitu
1805 329 1919 367 inter·

222 402 365 452 pretari
400 400 552 450 potuit?
607 398 745 436 Nonne
777 397 812 434 id
846 397 935 434 eius·
960 396 1119 435 dictioni
1152 396 1294 434 mirum
1328 401 1518 445 quantum
1549 398 1756 436 convenit?

364 474 475 512 1374
508 471 532 507 b
566 472 618 508 29
651 471 764 514 (232,
801 467 842 513 6)
875 481 940 505 om
970 460 1068 516 ἱερά.

365 544 474 582 1375
514 553 535 577 a
571 542 589 578 1
628 538 740 581 (232,
778 537 848 582 16)
890 537 1189 586 appretiandum
1229 543 1295 575 aut
1327 538 1403 584 (ωε
1438 537 1507 582 ait)
1546 559 1590 563 --
1626 538 1796 591 τιμήσειν
1825 531 1916 592 ἔφη,

218 614 328 663 Legit
358 610 531 663 τιμητέον
563 605 649 661 ἔφη.

365 685 474 723 1375
509 694 531 718 a
565 684 587 720 5
622 680 736 725 (232,
763 678 832 723 20)
865 677 1118 715 damniticam
1156 698 1199 703 —
1237 675 1446 729 ζημιοῦται.
1479 678 1562 716 Ille:
1596 676 1784 729 ζημιοῦσι.

364 755 475 793 1375
518 764 540 788 a
575 755 597 790 5
631 746 746 798 (232,
778 746 852 796 21)
886 760 1232 796 quoscunque...
1267 749 1493 786 aedificatus
1532 748 1646 786 fuerit
1681 769 1730 774 ——
1764 745 1916 792 οὒς...

220 818 477 874 (ξικοδομήθη.
513 821 579 858 ille
609 819 701 868 legit
734 824 775 856 ut
807 831 946 867 supra:
981 812 1048 859 οὒς
1080 811 1125 852 ἂν
1155 811 1418 869 οἱκοδομηθῄ.

365 895 475 933 1375
510 906 531 929 a
566 894 617 930 16
651 887 766 939 (233,
803 886 846 938 5)
881 888 985 925 sive
1017 884 1092 933 (Mz
1128 887 1222 933 sui)
1255 889 1418 926 maius
1450 893 1526 927 est
1558 889 1597 927 in
1619 889 1779 927 Graecis
1809 889 1919 928 libris

222 978 298 1003 non
333 962 590 1001 inveniuntur.
645 960 803 1008 Legisse
836 959 984 996 videtur
1016 957 1250 1008 interpolata
1281 960 1420 997 verba:
1454 953 1631 1010 ἀδίκημα
1663 958 1790 1010 μεῖζόν
1819 954 1920 1005 ἐστις

224 1041 315 1085 puto
348 1035 449 1072 enini
479 1033 564 1070 loeo
588 1029 760 1079 corrupti
795 1029 899 1067 sive
931 1029 1091 1067 verbum
1124 1028 1312 1078 scriptum
1345 1029 1478 1074 fuisse,
1513 1030 1616 1078 quod
1649 1030 1723 1067 vim
1757 1030 1922 1068 iniuriae

222 1107 392 1145 liaberet.

371 1177 482 1216 1375
507 1188 528 1212 a
555 1175 604 1213 18
641 1174 753 1218 (233,
781 1168 821 1222 7)
855 1170 957 1208 circa
984 1191 1031 1196 —
1062 1169 1181 1219 παρὰ.
1217 1170 1283 1207 Ille
1314 1170 1416 1207 maie
1447 1167 1533 1219 περὶ
1564 1174 1604 1215 ut
1637 1171 1754 1219 paulo
1786 1183 1919 1220 supra.

962 1300 1088 1349 Caput
1123 1302 1190 1339 15.

368 1391 477 1429 1375
512 1401 533 1425 a
568 1389 620 1425 23
654 1381 768 1429 (233,
797 1381 867 1432 13)
901 1388 1031 1421 autem
1067 1403 1116 1407 —
1150 1382 1236 1431 γάρ.

370 1462 479 1500 1375
505 1472 525 1495 a
551 1461 602 1496 32
636 1456 750 1499 (233,
778 1451 851 1502 21)
886 1454 946 1491 lex
981 1467 1025 1493 .s.
1061 1453 1128 1497 (M.
1153 1450 1196 1502 i.)
1231 1451 1451 1490 communis
1487 1471 1537 1478 —-
1573 1445 1594 1488 ὁ
1624 1450 1762 1494 κοινός.

371 1533 479 1571 137.)
506 1530 528 1566 1)
553 1532 575 1567 2
600 1524 714 1571 (234,
736 1524 777 1572 2)
810 1525 1035 1562 hominibus
1069 1523 1213 1561 nnllins
1247 1518 1303 1567 (at
1331 1522 1366 1559 M
1390 1536 1451 1560 m:
1485 1522 1632 1560 homini
1655 1522 1723 1559 viri
1756 1522 1922 1568 nullius;

225 1613 289 1642 m:
325 1600 474 1650 nullus)
509 1620 560 1626 ——
595 1593 735 1647 ἀνδρός
767 1589 932 1637 οὐδενος.
972 1595 1168 1632 Homini
1202 1594 1410 1631 delendum
1442 1606 1530 1631 esse
1561 1593 1722 1633 videtur.

370 1675 480 1713 1375
515 1672 537 1708 b
573 1672 594 1708 8
631 1670 744 1713 (234,
774 1665 814 1711 7)
851 1668 935 1715 lege
975 1667 1163 1716 probante
1200 1670 1259 1703 est
1294 1664 1489 1702 contraria
1524 1685 1574 1689 ——
1616 1658 1781 1706 ἐναντίος
1817 1663 1923 1714 νόμῳ

225 1739 498 1794 εὖδοκιμοῦντι,
532 1746 569 1778 at
603 1740 761 1788 interpr.
786 1738 970 1775 fortasse:
1004 1735 1111 1786 νόμῳ
1144 1729 1402 1785 ε’)δοκιμοῦντι
1432 1728 1609 1776 ἐναντίος.

372 1816 481 1854 1375
506 1812 529 1849 1)
555 1814 606 1851 14
640 1807 754 1856 (234,
781 1809 849 1853 12)
883 1808 921 1845 in
954 1807 1095 1856 quibus
1128 1811 1163 1844 et
1197 1812 1354 1855 propter
1387 1818 1485 1855 quae
1517 1803 1571 1854 (M
1594 1817 1671 1844 om.
1696 1801 1759 1854 et)
1786 1825 1836 1830 —-
1861 1798 1923 1856 ἐφ’

226 1880 295 1929 οἷς.
328 1885 522 1932 Inter-pres
555 1882 752 1930 glossema
784 1875 829 1915 δι’
855 1875 879 1914 ἃ
912 1879 949 1915 in
983 1878 1156 1925 margine
1188 1877 1383 1914 invenisse
1415 1881 1470 1921 et,
1505 1888 1580 1924 qna
1612 1880 1694 1913 erat
1725 1875 1924 1924 diligentia
1976 1860 1979 1874 ²

227 1963 265 1995 et
297 1955 493 2003 religione,
528 1953 565 1990 in
594 1957 745 1990 textum
777 1949 973 1999 recepisse
995 1949 1154 1986 videtur.
1209 1947 1309 1985 Nain
1342 1946 1533 1985 eiusmodi
1562 1959 1716 1995 quoque
1744 1947 1925 1996 exempla

228 2029 268 2066 in
291 2025 547 2067 translatione
569 2023 826 2072 reperiuntur,
861 2034 893 2060 e.
915 2034 948 2069 g.
977 2023 1088 2060 1374
1112 2020 1135 2057 b
1160 2022 1213 2058 26
1238 2015 1352 2067 (232,
1374 2014 1416 2067 3)
1449 2012 1504 2053 ὅτι
1532 2013 1813 2066 παρελογίσατο
1840 2011 1925 2067 epioe

226 2092 443 2150 ἡμιωβέλιον.
473 2088 558 2144 ἱερὰ
589 2091 677 2135 τοὺς
707 2089 912 2133 ναοποιοὺς
937 2112 987 2116 -
1013 2091 1115 2139 quod
1147 2089 1387 2127 defraudavit
1420 2089 1647 2126 factores
1676 2087 1853 2136 templi
1886 2087 1925 2125 in

218 2169 354 2206 *tribus
379 2166 516 2204 mediis
540 2164 664 2203 obolis
688 2163 810 2201 sacris
843 2161 1218 2200 aedificatores
1242 2159 1430 2208 templi.
1469 2161 1578 2198 1382
1596 2159 1619 2195 b
1638 2160 1691 2198 20
1717 2156 1832 2208 (251,
1854 2154 1926 2208 20)

227 2233 254 2290 ἢ
287 2233 502 2274 ἀντιπάλων
541 2258 583 2261 -
623 2241 688 2273 aut
719 2233 975 2272 refellentinm
1011 2230 1334 2270 adversariorum.

375 2311 485 2349 1375
520 2308 543 2345 1)
579 2309 629 2347 18
666 2302 780 2354 (234,
818 2302 888 2355 16)
923 2304 1077 2351 ignores
1102 2332 1110 2340 .
1132 2334 1139 2340 .
1161 2332 1169 2340 .
1193 2302 1341 2339 diceres
1371 2297 1470 2348 (MV
1492 2300 1653 2346 deici-es,
1689 2312 1748 2337 m:
1782 2295 1926 2349 dieres)

221 2402 284 2412 .-—
321 2375 494 2430 ἀγνοήσῃ
518 2406 525 2413 .
545 2406 552 2413 .
571 2406 578 2412 .
602 2371 776 2426 ἐπιορκῄ.
810 2376 892 2413 llle:
928 2370 1124 2425 ἀγνοήσῃς
1147 2401 1153 2409 .
1172 2401 1179 2408 .
1199 2401 1206 2408 .
1229 2366 1424 2421 ἐπιορκῄς.

374 2453 484 2490 1375
518 2449 541 2486 1)
575 2452 623 2488 21
663 2444 875 2497 (234,19)
918 2446 1042 2494 magis
1086 2443 1267 2494 ponderis
1310 2448 1368 2480 est
1402 2463 1453 2467 ———
1487 2437 1686 2477 λ’)οιτελεῖ.
1748 2440 1814 2478 llle
1849 2452 1926 2478 non
1974 2479 1977 2485 ,

232 2524 354 2561 male:
389 2516 539 2572 μᾶλλον
570 2515 768 2555 λυσιτελεῖ.

376 2594 486 2633 1376
522 2604 543 2628 a
578 2594 601 2629 4
638 2589 752 2637 (235,
780 2584 821 2638 8)
855 2588 927 2625 hoe
961 2586 1100 2631 (τοῦτο)
1136 2607 1185 2610 -
1221 2582 1351 2633 τοὺτῳ.

376 2665 486 2703 1376
521 2675 543 2698 a
578 2662 628 2700 13
663 2657 777 2707 (235,
807 2655 877 2707 15)
912 2658 1085 2695 solorum
1117 2654 1258 2707 (μόνων
1292 2655 1341 2704 Q)
1378 2674 1428 2679 —
1465 2652 1590 2704 μόνον.

377 2735 488 2773 1376
511 2734 608 2779 2215
633 2728 747 2780 (235,
775 2726 846 2780 17)
871 2729 903 2766 si
926 2729 1071 2766 iustum
1094 2733 1160 2766 aut
1181 2726 1380 2764 iniustum.

610 2801 676 2839 A0:
709 2794 734 2851 ἢ
766 2795 912 2835 δίκαιον
942 2794 966 2849 ἢ
1005 2794 1148 2835 ἄδικον.

515 2872 653 2919 QYZ:
690 2865 719 2907 εἶ
752 2866 898 2906 δίκαιον
932 2863 962 2905 εὶ
996 2865 1146 2906 ἄδικον.
