2056 3326
847 160 1130 206 249..

96 283 99 285 ⁵
140 307 216 348 que
246 295 331 336 loco
361 292 505 343 legisse
528 294 692 336 videtur:
727 289 858 344 ὀλίγου
888 296 1144 348 τετυχήκασιν
1167 290 1294 349 ἀὐτῆς
1316 292 1466 348 μορίου,
1495 295 1596 349 quod
1632 296 1720 336 ferri
1758 311 1832 338 non

142 371 284 419 potest.

285 438 397 477 1854
430 450 452 475 a
486 440 538 477 25
571 434 686 484 (179,
722 435 763 483 5)
797 443 861 475 aut
894 437 1069 475 timorem
1103 443 1167 476 aut
1202 438 1444 476 inimicitiam
1476 436 1530 489 (M
1555 438 1583 477 V
1616 441 1734 479 male:
1770 447 1835 480 aut

111 507 318 547 ·timoreiu
351 512 417 545 aut
448 521 622 545 amorem
655 513 721 545 aut
754 507 1017 551 inimic-itiam:
1053 509 1252 547 Parisinus
1287 510 1361 555 ille,
1395 510 1441 547 de
1473 523 1549 559 quo
1583 523 1702 560 supra
1734 511 1834 551 dixi:

142 583 209 618 aut
255 578 431 617 timorem
478 583 543 616 aut
586 578 832 627 injustitiam)
885 597 937 604 —
978 573 1002 630 ἣ
1041 578 1187 631 φθόνον
1231 574 1255 630 ἢ
1290 575 1415 619 §.so-2:
1457 580 1646 631 interpres
1694 581 1836 620 invenit

139 648 254 696 idem,
296 650 398 699 quod
440 662 561 697 marg.
596 649 644 687 Α(
678 649 852 698 praebet:
893 643 917 700 ἢ
951 647 1070 701 φόβον
1109 645 1133 701 ἢ
1172 646 1337 702 ἔχθραν.
1401 651 1543 689 Confer
1584 651 1764 702 Spengel.
1809 653 1835 692 l.

141 733 228 770 pag.
254 723 351 763 171,
415 720 469 759 Ex
504 720 575 758 hoc
607 720 694 758 loeo
727 720 891 770 aliisqm¹
923 726 1084 770 apparet
1117 722 1339 771 exemplum
1380 721 1599 772 interpretis
1632 723 1755 762 codici
1789 724 1836 762 si-

141 790 346 829 millimum
381 791 513 837 fuisse,
546 805 591 829 ex
627 804 703 840 quo
736 791 920 828 lertimws
956 792 1082 830 variae
1116 792 1150 830 iu
1186 807 1308 841 marg.
1343 793 1392 831 Ac
1415 795 1659 844 supplentur.

286 864 395 902 1354
419 863 441 899 b
465 866 488 902 9
512 864 626 908 (179,
653 863 723 907 22)
756 876 908 900 aunem
933 869 1021 900 suut
1050 885 1080 887 ψ
1122 863 1351 917 τυήᾶιηταῑῑ
1387 867 1551 904 sortasse
1585 866 1726 905 invenit
1748 877 1837 904 συν-

137 932 299 984 ήρτηται
331 937 371 970 ut
403 932 444 971 C.

283 1005 393 1044 1354
427 1003 450 1041 b
486 1006 535 1043 12
582 1002 653 1054 25)
687 1004 856 1042 diximus
884 1026 931 1029 —
957 1001 1131 1057 λέγομεν.
1185 1007 1385 1045 Dicimus?
1426 1002 1608 1058 εἷ’πομενῖ)
1654 1008 1713 1047 Au
1747 1009 1838 1058 legit

139 1074 241 1122 qued
275 1074 432 1123 praebet
465 1075 524 1112 ed.
560 1075 695 1123 lsingr.
731 1069 937 1126 ἐλέγομεν.)

279 1147 390 1185 1354
425 1146 448 1183 b
482 1149 530 1186 21
569 1146 683 1193 (180,
720 1150 761 1190 2)
794 1148 1053 1186 determinant
1093 1169 1141 1174 —
1175 1145 1396 1186 δεικνΰῡυτι.
1455 1151 1561 1199 Legit
1595 1152 1761 1190 fortasse
1795 1157 1835 1191 ut

138 1221 251 1254 autea
283 1211 495 1267 διορίζουσι.

282 1290 393 1328 1354
427 1288 450 1326 b
484 1291 536 1328 23
561 1290 674 1334 (180,
702 1288 742 1333 6)
767 1302 830 1327 om
864 1283 994 1342 οὔσης.
1817 1327 1819 1329 ,

282 1361 393 1399 1354
427 1359 449 1397 b
484 1363 536 1400 26
571 1356 686 1402 (180,
724 1358 764 1409 7)
796 1362 926 1400 onmia
966 1383 1008 1388 --
1045 1361 1192 1405 πάντες.
1256 1363 1354 1403 Cum
1395 1365 1465 1403 liae
1507 1365 1727 1416 interpretis
1766 1365 1838 1404 lec-

138 1429 241 1468 tione
273 1431 405 1470 confer
430 1435 541 1472 1354
565 1445 586 1469 a
618 1435 687 1471 14:
722 1430 805 1482 περὶ
837 1431 905 1482 μὲν
937 1436 1009 1469 τῶν
1042 1427 1328 1486 ἐνθυμημάτων
1360 1429 1468 1473 οὐδὲν
1500 1433 1730 1486 λέγουσι...
1753 1434 1839 1489 περὶ

137 1497 179 1538 δὲ
209 1505 283 1538 τῶν
313 1497 387 1545 ἔξω
418 1505 483 1539 τοῦ
516 1502 741 1554 πράγματος
775 1502 820 1540 τὰ
853 1500 1012 1540 πλεῖστα
1046 1504 1387 1556 πραγματε·’)ονται.

282 1577 393 1614 1354
417 1574 439 1612 b
463 1578 515 1615 29
541 1576 655 1620 (180,
682 1577 750 1617 10)
773 1575 863 1625 quia
893 1597 935 1601 -
965 1570 1087 1614 ἀλλάε
1119 1571 1174 1614 ’ὁτι
1205 1577 1358 1616 exhibet
1392 1579 1508 1616 etiam
1543 1579 1714 1632 A01·ec.;
1750 1581 1834 1621 YC.

281 1648 391 1686 1355
417 1659 438 1684 a
463 1649 485 1685 2
510 1642 624 1696 (180,
645 1647 713 1686 16)
747 1647 917 1685 diximus
953 1668 999 1673 —
1032 1641 1144 1684 εἷπον.
1179 1648 1339 1698 Egregia
1372 1655 1430 1688 est
1463 1650 1628 1690 varietas
1661 1647 1833 1704 εἷ’πομενῑ

281 1719 391 1756 1355
416 1731 438 1755 a
462 1721 484 1757 2
510 1718 625 1764 (180,
653 1717 723 1763 17)
748 1718 805 1755 lex
842 1718 1019 1767 prohibet
1051 1719 1207 1770 quidem
1244 1740 1292 1745 —
1328 1714 1349 1757 ὁ
1381 1720 1499 1772 νόμος
1530 1719 1683 1762 κωλῦει.

283 1790 393 1828 1355
428 1802 451 1826 a
486 1793 507 1828 5
543 1786 661 1837 (180,
688 1787 758 1835 20)
792 1802 855 1827 om
888 1800 952 1832 τις.

282 1861 392 1900 1355
427 1873 449 1899 a
483 1863 506 1901 9
541 1861 657 1908 (180,
694 1860 765 1906 25)
799 1874 862 1899 om
896 1854 1050 1913 ὁμοίως.

281 1933 391 1971 1355
426 1945 448 1970 a
483 1934 535 1972 10
568 1933 684 1982 (180,
721 1930 792 1983 25)
825 1945 888 1970 om
922 1945 1011 1971 eum
1045 1933 1077 1980 Q
1109 1929 1161 1981 δέ,
1196 1935 1259 1973 ubi
1293 1936 1477 1985 apodosis
1511 1935 1657 1987 incipit.

282 2004 392 2044 1355
416 2017 438 2042 a
459 2006 509 2044 12
536 1999 651 2054 (180,
678 2004 749 2050 28)
773 2005 903 2054 qualia
936 2004 1126 2055 quaedam
1161 2006 1269 2054 (ποῖά
1301 2006 1397 2059 τινα)
1428 2028 1468 2033 ——
1491 2006 1582 2044 ποῖά
1613 2010 1659 2048 τ’,
1695 2005 1838 2047 Confer

138 2074 251 2113 1356
275 2087 297 2112 a
328 2077 383 2114 24
415 2079 452 2113 et
487 2078 596 2116 1359
630 2075 654 2112 b
689 2078 755 2115 35.

281 2147 392 2185 1355
427 2159 449 2184 a
483 2148 534 2186 13
569 2147 683 2192 (180,
710 2142 780 2197 28)
812 2151 872 2185 est
903 2147 1149 2196 enthymema
1190 2170 1231 2174 -
1270 2141 1347 2185 ἐστὶ
1377 2147 1424 2186 τὰ
1455 2143 1726 2202 ἐνθυμήματα.

281 2218 391 2256 1355
425 2230 447 2255 a
482 2219 533 2257 19
564 2217 678 2263 (181,
714 2220 756 2268 6)
790 2218 1036 2266 negotiantur
1077 2239 1116 2244 —
1154 2216 1435 2271 τεχνολογοῦσι.
1496 2220 1655 2269 Legisse
1687 2220 1835 2259 videtur

135 2285 480 2338 πραγματεῦονται.
513 2288 613 2338 quod
643 2288 766 2326 elucet
795 2302 840 2327 ex
865 2289 925 2327 liis
956 2290 1167 2339 exemplis:
1205 2293 1316 2331 1354
1339 2305 1360 2329 a
1387 2288 1685 2340 16(178,17),
1723 2295 1833 2332 1354

136 2359 160 2397 b
185 2361 237 2399 19
256 2358 371 2403 (180,
398 2356 451 2406 1),
479 2362 589 2399 1356
614 2373 634 2397 a
656 2362 705 2399 17
737 2362 850 2406 (183,
879 2358 950 2412 2-1)
986 2360 1172 2409 negotiari
1207 2373 1260 2395 =
1294 2371 1390 2411 xpw,
1387 2373 1495 2412 ματε
1481 2360 1540 2399 -6ε
1544 2360 1639 2399 σθαι
1660 2367 1697 2400 et
1722 2365 1833 2402 1356

135 2443 158 2469 a
181 2432 234 2470 26
258 2427 375 2480 (184,
401 2428 443 2477 2)
477 2431 674 2478 negotium
708 2442 760 2463 z
795 2431 1048 2483 πραγματεία.
1111 2432 1161 2470 Α(
1191 2443 1229 2468 τε
1233 2429 1397 2484 χνοὶοητῑ
1400 2435 1431 2469 ἰν
1464 2433 1520 2472 sic
1553 2433 1684 2471 vertit:
1722 2436 1834 2474 1354

134 2500 159 2539 b
178 2503 228 2541 17
258 2497 375 2551 (179,
410 2504 481 2548 30)
506 2514 558 2535 z
587 2502 1027 2551 regiologiza1·‹:1354
1053 2503 1075 2541 b
1100 2505 1152 2543 2ss
1186 2499 1301 2552 (180,
1329 2503 1368 2549 7)
1401 2503 1653 2543 artificialiter
1683 2504 1836 2543 differre

134 2570 268 2617 (scrib.
291 2571 550 2619 discernere);
576 2574 686 2612 1356
711 2586 734 2611 a
758 2577 804 2613 11
834 2575 946 2613 (183
976 2576 1044 2623 17)
1067 2580 1102 2611 et
1130 2576 1238 2614 1356
1264 2588 1285 2612 a
1311 2577 1360 2614 17
1387 2576 1500 2623 (183,
1528 2573 1676 2627 23)-
1626 2603 1675 2610 -
1695 2575 1835 2615 oratio-

135 2653 229 2679 num
261 2646 385 2680 artem
416 2643 579 2682 tradere.
1811 2669 1815 2672 -

278 2716 389 2754 1355
413 2728 436 2753 a
458 2717 508 2755 31
536 2718 649 2762 (181,
677 2716 746 2762 18)
770 2728 883 2764 ageie
908 2735 957 2740 —
983 2712 1144 2753 mistam:
1177 2716 1226 2754 Ac
1248 2713 1384 2756 πιθεῖν.
1425 2716 1595 2768 Spengel
1618 2717 1830 2768 marginem

133 2781 312 2822 editionis
346 2785 464 2823 Basil.
491 2788 602 2826 1550
635 2792 793 2824 secutus
830 2791 935 2836 putat
968 2799 1054 2824 enm
1090 2787 1230 2836 legisse
1261 2790 1388 2825 ποιεῖν.
1430 2787 1568 2828 Nonne
1601 2795 1751 2840 poterat
1783 2802 1830 2827 ex

134 2854 262 2905 priore
293 2855 544 2908 ..πράττωμεν
576 2869 628 2891 =
662 2866 850 2906 agamus··
884 2871 1000 2907 prave
1034 2864 1205 2908 repetere
1237 2863 1415 2908 agere?

277 2929 387 2968 1355
421 2941 443 2966 a
467 2930 519 2968 38
543 2921 658 2979 (181,
684 2931 754 2975 23)
788 2929 1100 2978 syllogizibiliora
1139 2949 1181 2957 -
1221 2923 1595 2982 εὐσυλλογιστότερα.

1523 3000 1544 3034 4

0 3052 207 3326 ihnffiass...
242 3296 245 3299 “
