2056 3326
897 165 1183 208 -42-

193 295 400 337 ridiculum
433 310 526 336 sane
548 301 606 336 est
628 301 766 348 putare
793 297 913 336 libros
935 297 1109 338 diversae
1130 298 1370 340 recensionis
1392 298 1623 350 inspexisse,
1657 299 1882 347 contulisse,

193 367 332 407 melius
365 382 410 407 ex
444 369 490 407 iis
523 368 750 407 enucleasse
782 381 869 407 eum
903 369 1114 418 hominem,
1148 369 1214 420 qui
1246 369 1400 419 singula
1432 370 1581 410 Graeca
1611 371 1800 411 vocabula
1830 371 1885 410 ita

194 439 378 486 novisset,
411 444 453 477 ut
486 439 698 478 sententias
732 440 962 489 plerumque
993 453 1072 479 non
1103 440 1354 490 intellegeret.

335 509 510 548 Primum
543 508 658 557 igitur
681 510 947 559 quaerendum
979 516 1048 558 est,
1082 525 1178 550 num
1208 511 1318 554 liber,
1353 523 1429 561 quo
1461 511 1651 561 interpres
1683 524 1780 550 usus
1811 516 1883 560 est,

194 579 233 618 in
266 580 415 618 familia
438 579 583 618 codicis
606 579 656 617 Αο
682 581 948 619 numerandus
972 581 1032 620 sit.
1088 582 1199 629 Quod
1222 581 1324 620 Petri
1347 581 1517 628 Victorii,
1541 581 1683 629 Vateri,
1706 578 1885 633 Buhlei*)

195 652 423 689 auctoritate
457 654 655 700 permotus
689 650 852 689 forsitan
886 655 1060 690 censeas.
1109 652 1159 691 At
1192 665 1293 699 vero,
1329 652 1362 690 si
1394 646 1488 689 660
1521 651 1599 690 fere
1628 648 1728 691 locis
1760 657 1885 691 trans-

179 721 286 759 ‘latio
319 722 368 759 ab
391 721 441 760 Αο
472 721 668 771 discrepat
701 725 737 760 et
769 734 858 759 cum
891 722 1379 762 deterioribus-codicibus
1403 722 1591 770 congruit,
1627 721 1658 760 si
1682 722 1885 772 permultis

195 792 292 830 locis
327 792 529 841 proprium
562 792 720 842 aliquid,
755 793 857 842 quod
890 806 1014 842 neque
1037 793 1075 831 in
1098 793 1364 832 vetustissimo
1397 793 1529 832 codice
1551 806 1676 843 neque
1696 794 1735 831 in
1758 806 1886 832 recen·

193 862 356 900 tioribus
397 862 553 911 legitur,
597 862 771 909 exhibet,
816 876 909 900 num
949 863 1022 901 hoc
1063 863 1272 902 verisimile
1304 863 1480 901 videtur?
1543 863 1582 901 Id
1621 863 1747 902 verbis
1786 863 1886 902 affir-

195 946 302 971 mare
334 946 411 971 non
446 932 541 970 satis
574 932 711 979 habeo,
745 937 787 971 ut
819 933 903 983 ipse
938 934 1066 983 possis
1099 934 1281 981 iudicare,
1327 946 1417 973 ecce
1448 933 1659 972 lectionum
1692 934 1885 974 variarum

194 1003 458 1051 gravissimae.

475 1073 605 1112 Codex
638 1073 688 1112 Αο
1202 1075 1363 1113 Vetusta
1385 1074 1602 1119 translatio,

336 1147 447 1185 1356
466 1157 487 1182 a
506 1147 555 1184 21
584 1139 698 1193 (183,
725 1144 797 1193 28)
829 1142 970 1187 ταῦτας
1001 1139 1076 1181 ἐστι
1104 1166 1147 1170 -
1174 1148 1294 1182 ταῦτα
1324 1143 1370 1181 τὰ
1400 1138 1486 1194 τρία
1516 1138 1593 1181 ἐστί
1624 1157 1711 1183 cum
1745 1145 1884 1192 QYZ.

336 1217 444 1255 1357
480 1228 501 1252 a
537 1217 556 1255 7
592 1213 705 1264 (185,
733 1216 802 1261 23)
835 1211 952 1251 πλέον
975 1236 1026 1241 ——
1050 1212 1165 1252 πλέον
1197 1210 1221 1266 ἢ
1255 1209 1376 1257 οῧτως
1407 1207 1603 1266 ἐνδέχεται
1635 1229 1723 1254 cum
1757 1216 1883 1263 QYZ.

335 1288 443 1325 1357
479 1286 502 1323 b
537 1288 588 1325 27
624 1282 834 1336 (187,16)
869 1299 933 1324 om
966 1300 1121 1325 versum
1153 1280 1341 1337 ομοιοτέλ.
1369 1307 1420 1312 —
1449 1290 1575 1324 servat
1606 1299 1697 1324 cum
1730 1285 1869 1332 QYZ.

335 1358 444 1397 1358
479 1370 501 1394 a
535 1359 557 1395 3
591 1352 705 1407 (187,
742 1353 813 1406 28)
845 1355 952 1407 παρὰ
984 1360 1076 1394 πᾶσι
1112 1377 1159 1383 -
1195 1356 1343 1399 πάντας
1374 1369 1464 1395 cum
1497 1356 1634 1403 QYZ.

334 1429 445 1467 1360
466 1428 490 1464 b
516 1430 568 1467 23
594 1422 709 1477 (194,
731 1426 803 1473 28)
827 1440 891 1465 om
909 1440 1064 1466 versum
1087 1423 1181 1478 (non
1199 1422 1404 1479 ὁμοιοτέλ.)
1441 1448 1485 1453 -
1519 1427 1656 1466 retinet
1678 1440 1766 1466 cum
1791 1429 1823 1474 Q
1841 1427 1885 1468 Y.

335 1500 443 1538 1361
470 1512 492 1536 a
526 1501 576 1538 13
613 1493 728 1548 (196,
766 1501 806 1549 1)
841 1511 897 1547 pr.
922 1511 986 1536 om
1016 1495 1070 1535 ἔτι
1100 1494 1141 1534 δὲ
1173 1493 1340 1535 ἐπίπλων
1371 1501 1505 1551 κτῆσις
1534 1496 1603 1535 καὶ
1633 1495 1891 1550 βοσκημάτων

189 1566 259 1605 καὶ
289 1564 550 1618 ἀνδραπόδων,
597 1570 664 1607 sed
697 1569 734 1607 in
768 1582 890 1618 marg.
918 1569 967 1607 Ac
1000 1571 1232 1619 supplentur
1263 1567 1330 1605 καὶ
1361 1564 1611 1619 ἀνδραπόδων
1642 1566 1710 1605 καὶ
1740 1565 1888 1620 βοσκη-

190 1638 389 1689 μάτων-
410 1640 613 1678 translatio
647 1640 777 1678 omnia
811 1646 937 1679 servat
969 1654 1059 1679 eum
1081 1640 1164 1687 QY,
1200 1641 1267 1678 sed
1299 1641 1435 1678 eodem
1466 1639 1601 1678 ordine
1633 1651 1709 1689 quo
1742 1651 1887 1687 marg.;

192 1710 356 1760 legimus
372 1711 491 1749 enim:
518 1711 644 1749 adhuc
662 1716 791 1749 autem
816 1711 1114 1761 supellectilium
1136 1711 1334 1760 possessio
1353 1716 1389 1749 et
1407 1723 1607 1749 servorum
1624 1714 1661 1748 et
1680 1710 1886 1760 pecudum.

334 1783 442 1821 1361
479 1795 501 1819 a
533 1783 586 1821 33
623 1776 738 1831 (196,
775 1782 844 1828 21)
877 1781 984 1818 τόποι
1018 1803 1067 1807 -
1103 1781 1236 1832 τρόποι
1268 1794 1358 1819 cum
1391 1781 1523 1828 QYZ.

336 1855 446 1893 1362
465 1866 487 1890 a
508 1854 558 1892 15
577 1852 690 1899 (198,
709 1849 780 1902 24)
796 1852 1054 1903 προτρέποντα
1073 1884 1080 1890 .
1101 1880 1131 1888 ..
1150 1847 1412 1902 ἀποτρέποντα
1431 1872 1477 1877 -
1496 1864 1577 1891 acc.
1595 1851 1693 1901 plur.
1709 1855 1751 1889 ut
1765 1851 1885 1897 QYZ.

336 1924 445 1962 1363
481 1936 502 1960 a
538 1925 588 1962 13
623 1919 736 1972 (201,
778 1924 816 1969 7)
859 1936 936 1961 om.
970 1918 1037 1965 οὒς
1069 1916 1104 1958 οἱ
1135 1919 1238 1974 φίλοι
1269 1920 1423 1972 ψέγουσι
1453 1919 1520 1958 καὶ
1552 1917 1717 1970 ἀγαθοῖς
1751 1922 1818 1960 sed
1850 1921 1888 1959 in

191 2005 312 2042 marg.
349 1994 600 2042 supplentur:
636 1988 703 2036 οὒς
735 1987 769 2029 οἱ
801 1990 903 2045 φίλοι
935 1992 1091 2044 ψέγουσι
1115 2014 1165 2019 -—
1191 1993 1322 2031 omnia
1353 1994 1469 2032 verba
1500 1993 1616 2031 habet
1648 2005 1737 2030 cum
1760 1991 1887 2038 QYZ.
1919 2007 1925 2011 ·

335 2066 444 2104 1363
479 2078 501 2102 a
537 2066 588 2104 14
623 2059 737 2113 (201,
775 2059 815 2114 7)
849 2062 902 2115 μὴ
937 2063 1094 2114 ψέγουσι
1127 2083 1176 2089 --
1212 2058 1403 2100 ἐπαινοῦσι
1435 2076 1525 2102 cum
1558 2063 1694 2110 QYZ.

336 2138 447 2174 1364
481 2148 502 2172 a
537 2138 587 2175 12
624 2130 740 2185 (203,
777 2130 848 2185 20)
881 2133 1055 2185 μείζονος
1089 2155 1139 2161 -—
1175 2133 1347 2185 μείζονος
1379 2130 1510 2186 ἀρχῆς
1542 2147 1630 2172 cum
1663 2133 1738 2180 QY
1755 2133 1797 2172 Z.

334 2207 444 2244 1365
479 2218 501 2243 a
536 2208 586 2245 12
622 2206 736 2252 (206,
773 2202 843 2255 11)
877 2218 941 2243 om
973 2201 1162 2253 λέγοοσαν
1201 2226 1244 2231 —
1284 2205 1421 2244 retinet
1444 2218 1534 2243 cum
1557 2205 1638 2252 QY
1654 2205 1695 2242 Z.

334 2277 445 2315 1370
479 2289 501 2314 a
536 2278 586 2315 19
622 2271 736 2324 (220,
774 2271 815 2325 3)
856 2269 901 2310 ἐκ
933 2277 997 2311 τοῦ
1028 2272 1240 2326 λαμβάνειν
1272 2269 1503 2327 ἐπιθυμοῦσι
1540 2296 1584 2302 ——
1623 2269 1668 2312 ἐκ
1699 2276 1764 2312 τοῦ
1795 2268 1890 2312 ὑπο-

189 2341 399 2396 λαμβάνειν
430 2356 463 2382 τι
494 2340 725 2396 ἐπιθυμοῦσι
757 2359 845 2384 cum
879 2346 911 2392 Q
929 2347 959 2383 Y
977 2347 1018 2386 Z.

334 2419 441 2456 1371
469 2430 491 2455 a
510 2421 532 2456 9
559 2415 676 2465 (222,
698 2413 740 2466 8)
772 2419 938 2459 τοιοῦτος
971 2411 1049 2459 οἷος
1082 2411 1101 2453 ὁ
1134 2413 1345 2459 σπουδαῖος
1369 2438 1419 2442 -—
1444 2427 1474 2452 τ.
1497 2414 1565 2452 καὶ
1586 2427 1622 2454 σ.
1645 2429 1734 2455 curn
1758 2416 1886 2463 QYZ.

335 2489 443 2527 1371
481 2501 503 2525 a
538 2490 585 2527 11
624 2483 714 2539 (11)
749 2500 825 2525 om.
859 2485 927 2524 καὶ
958 2481 992 2523 οἱ
1024 2486 1204 2538 γνώριμοι
1237 2509 1287 2513 —
1323 2487 1460 2525 retinet
1493 2499 1582 2524 cum
1615 2486 1750 2533 QYZ.

334 2560 443 2598 1371
479 2559 502 2596 b
537 2561 559 2597 8
594 2558 706 2605 (223,
734 2555 776 2608 9)
809 2553 882 2595 κᾶν
913 2553 940 2607 ᾗ
971 2552 1044 2610 ἡδὺ
1077 2552 1169 2594 αὐτὸ
1200 2556 1242 2594 τὸ
1275 2556 1537 2609 μεμιμημένον
1560 2554 1610 2582 ’-
1635 2555 1703 2594 καὶ
1734 2551 1801 2594 ἐὰν
1832 2555 1888 2610 μὴ

190 2623 217 2678 ᾖ
249 2623 322 2680 ἡδὺ
355 2622 398 2665 οὔ
430 2627 471 2665 τὸ
504 2627 662 2681 μίμημα
695 2642 783 2668 cum
817 2630 891 2676 QY
909 2630 949 2667 Z.

335 2701 443 2739 1371
480 2700 503 2736 b
537 2702 585 2739 31
625 2695 741 2749 (224,
778 2699 820 2746 3)
853 2694 873 2736 ὁ
905 2699 1065 2752 ποιητής
1103 2717 1146 2725 ——
1187 2692 1393 2750 Εὔριπίδης
1426 2711 1515 2736 cum
1548 2698 1682 2745 QYZ.

334 2772 444 2810 1372
479 2784 501 2808 a
535 2775 586 2810 25
621 2768 734 2819 (225,
771 2772 812 2817 8)
844 2765 907 2807 οἶα
939 2767 1030 2822 μηδ’
1065 2765 1110 2806 ἂν
1142 2764 1195 2813 εἷς
1230 2791 1280 2795 -
1316 2767 1341 2806 α
1372 2765 1472 2820 μηδὲ
1504 2763 1557 2811 εἷς
1589 2782 1679 2807 cum
1711 2768 1788 2816 QY
1807 2768 1849 2809 Z.

332 2860 366 2902 ⁴¹)
393 2860 599 2895 Aristotelis
626 2872 731 2905 opera
766 2862 896 2903 onmia,
933 2861 986 2896 ed.
1014 2861 1067 2896 J0.
1095 2859 1318 2906 Theophilus
1345 2859 1471 2895 Buhle,
1524 2860 1697 2894 volumen
1723 2859 1780 2896 lv.
1830 2856 1889 2894 Bi-

191 2919 291 2969 ponti
320 2919 409 2954 1793
437 2930 515 2964 pag.
544 2919 600 2955 IX.
