2056 3326
895 139 1175 183 ,.58..

187 264 212 323 ἢ
246 263 281 308 οἱ
311 269 499 322 κρίνοντες
530 265 644 322 ἢοῧς
677 264 777 308 οὗτοι
807 268 1007 322 κρίνουσιν.
1044 270 1232 321 Suspicor
1253 283 1341 310 eum
1372 284 1440 322 pro
1464 271 1665 323 participio
1693 270 1881 324 κρίνοντες

190 341 383 382 invenisse
413 339 635 393 κρείττονες.
669 354 767 391 quae
798 341 912 379 lectio
944 353 1020 379 non
1055 341 1107 380 ita
1139 341 1268 392 inepta
1300 346 1371 383 est.

334 415 442 453 1365
477 426 499 450 a
533 414 553 452 7
591 412 703 458 (206,
730 410 771 458 8)
805 411 954 450 maioia
990 433 1037 439 —
1074 422 1120 463 με
1124 410 1189 455 (Co)
1221 405 1416 455 ὡσαὺτως.

333 485 441 523 1365
476 496 497 521 a
532 485 583 522 10
618 483 731 529 (206,
759 482 827 528 10)
863 487 991 532 partes
1028 504 1075 510 -
1111 481 1159 519 τὰ
1191 481 1290 535 μέρη
1321 481 1368 519 τὰ
1400 477 1511 522 απά.

333 556 441 594 1365
462 568 483 592 a
509 556 557 594 11
585 553 698 600 (206,
726 552 796 600 11)
830 566 897 603 per
925 554 1038 603 plura
1060 553 1163 593 enim
1192 554 1342 593 excedit
1364 559 1430 594 aut
1452 554 1599 593 videtur
1627 577 1672 582 —-
1699 552 1881 594 πλειόνων

187 623 262 675 γὰρ
294 618 408 675 ὑπερε
391 624 458 676 ’χε
463 635 492 660 ν
525 622 596 676 'pat
596 634 709 660 νεται.
743 624 809 662 sed
833 623 881 662 Ac
909 625 1012 674 apud
1035 624 1176 663 Victor.
1209 636 1267 675 γρ.
1290 618 1470 677 inceps-se·
1499 619 1525 678 ἢ
1554 624 1623 678 'pat
1624 636 1662 662 νε
1664 637 1736 671 ται,
1768 626 1880 666 inter-

191 709 299 746 pres:
334 691 396 732 διὰ
426 694 500 745 γὰρ
533 691 615 730 πλε’
608 693 716 731 ’.όνων
747 705 797 731 m
800 706 923 746 ερεχε’
897 724 926 731 .
957 689 982 747 ἢ
1015 694 1123 747 φαῖεν
1107 706 1197 732 εται.

336 769 445 806 1365
480 779 501 804 a
538 768 587 806 12
623 751 738 812 (206,
766 762 835 816 12)
870 779 957 815 pers
941 767 1082 804 suades
1121 788 1165 792 —-
1203 769 1338 804 πεῖσαι.

333 840 442 877 1365
477 852 497 874 a
534 839 583 876 18
620 831 735 886 (206,
764 834 833 885 17)
865 837 929 875 dat
962 830 1124 888 (δίδωσι)
1159 857 1205 863 -
1243 834 1416 875 δείκνυσι.

335 911 444 948 1365
478 922 499 945 a
535 911 585 947 22
632 902 746 955 (206,
773 905 843 958 21)
888 912 923 945 et
961 912 1025 945 aut
1065 908 1121 946 sic
1155 929 1204 933 ——
1240 906 1308 945 καὶ
1343 903 1375 945 εὶ
1412 903 1549 954 οὔτως
1591 920 1615 962 η
1648 914 1685 948 et
1715 921 1746 946 ει
1778 911 1879 960 apud

190 979 436 1028 interpretem
470 991 586 1028 saepe
618 979 919 1017 confunduntur.
961 978 1105 1017 Deinde
1139 992 1215 1017 non
1258 981 1358 1018 male
1391 981 1427 1018 M
1456 994 1515 1018 m:
1550 980 1707 1020 habebit
1743 994 1880 1020 unum-

188 1051 370 1100 quodque
403 1044 598 1099 (ἔκοπτον)
633 1049 952 1098 magnitudinem.

332 1123 440 1161 1365
476 1135 497 1158 a
531 1123 582 1160 23
619 1116 734 1170 (206,
761 1118 835 1168 21)
870 1125 906 1159 et
928 1121 1120 1159 bonorum
1144 1127 1180 1160 et
1204 1122 1455 1171 pulchrorum
1483 1142 1528 1147 —
1555 1119 1621 1158 καὶ
1653 1118 1787 1158 καλῶν
1815 1120 1883 1158 καὶ

188 1186 363 1240 ἀγαθῶν,

332 1264 440 1302 1365
465 1276 485 1300 a
510 1266 562 1302 24
597 1258 712 1312 (206,
739 1260 811 1313 23)
844 1263 881 1301 M
905 1277 963 1301 m:
999 1263 1201 1313 inscriptio
1236 1263 1336 1301 facta
1364 1284 1409 1289 —
1436 1261 1477 1299 τὸ
1510 1257 1746 1314 ἐπίγραμμα.
1794 1263 1878 1314 Epi-

188 1346 364 1382 gramma
396 1333 549 1371 exbibet
582 1333 772 1383 interpres
807 1339 846 1371 ut
878 1347 1001 1383 marg.
1026 1333 1086 1372 Ac.
1127 1333 1267 1372 Confer
1300 1347 1419 1384 supra
1453 1347 1489 1384 p.
1511 1336 1577 1373 38.

331 1406 440 1444 1365
476 1418 497 1442 a
531 1407 582 1444 35
618 1406 733 1451 (207,
761 1401 802 1454 5)
836 1405 873 1443 M
898 1405 999 1443 mV:
1036 1410 1071 1443 et
1104 1406 1206 1455 quod
1239 1404 1314 1455 ipsi
1347 1401 1400 1454 (M
1433 1401 1578 1457 ipsam)
1612 1410 1688 1443 est
1720 1404 1881 1443 maius

189 1475 417 1525 simpliciter
452 1497 500 1501 —
537 1474 605 1512 mii
636 1479 688 1526 τῷ
720 1470 823 1525 αὐτῷ
856 1475 922 1512 καὶ
954 1471 1100 1519 ἁπλῶς.

332 1549 441 1587 1365
475 1548 498 1585 b
533 1550 555 1586 3
590 1543 704 1597 (207,
733 1543 803 1597 11)
838 1560 902 1585 om
934 1546 1124 1603 verba->1²2
1158 1546 1225 1598 μὲν
1257 1547 1330 1599 γὰρ
1353 1576 1361 1585 .
1381 1579 1388 1586 .
1409 1576 1417 1584 .
1440 1542 1612 1584 ἑλέσθαι.

332 1620 441 1658 1365
468 1618 490 1655 b
516 1620 565 1659 12
593 1613 707 1666 (207,
737 1615 805 1669 19)
838 1619 988 1656 excedit
1014 1639 1063 1644 —
1089 1612 1266 1671 ὒπάρχει.
1298 1619 1406 1668 Legit
1433 1611 1613 1671 ὑπερέχει
1635 1624 1676 1658 ut
1697 1632 1796 1660 corr.
1825 1619 1881 1658 A0.

333 1690 440 1728 1368
466 1689 489 1726 b
516 1691 567 1728 14
602 1684 717 1737 (207,
745 1685 816 1739 21)
852 1702 967 1738 quam
1002 1702 1101 1739 quae
1133 1690 1253 1728 latent
1278 1711 1327 1715 —
1353 1684 1377 1742 ἢ
1410 1686 1627 1727 λανθάνειν.
1669 1690 1735 1729 ille
1769 1690 1882 1740 igitur

188 1759 407 1798 rectissime
438 1753 462 1810 ἢ
497 1756 522 1796 ἃ
555 1756 741 1796 λανθάνει
774 1773 862 1798 cum
896 1760 940 1807 Q.

334 1832 442 1870 1365
476 1830 499 1868 b
536 1832 586 1870 15
623 1826 738 1879 (207,
765 1830 835 1881 21)
868 1832 1028 1869 tendunt
1062 1826 1202 1881 (τείνει)
1242 1832 1396 1870 exhibet
1428 1831 1586 1882 interpr.
1622 1836 1725 1871 recte
1760 1853 1808 1857 —
1845 1836 1884 1870 at

190 1900 238 1939 Ac
261 1902 290 1940 Y
310 1901 354 1939 Z:
388 1911 465 1948 τινι,
501 1901 532 1948 Q
564 1912 656 1938 τινα.

334 1975 442 2013 1365
467 1974 490 2011 b
517 1976 566 2013 19
603 1968 717 2023 (207,
744 1971 815 2025 25)
850 1974 1096 2023 singulariter
1130 1975 1301 2013 ablatum
1336 1980 1393 2012 est
1420 1995 1468 2000 —
1505 1969 1714 2027 ἀφῄρηται.
1749 1974 1882 2015 Morel.
1916 2015 1922 2018 ,

191 2044 386 2083 contendit
419 2044 511 2082 illud
546 2045 888 2094 singulariter
921 2047 1155 2095 respondere
1189 2047 1336 2084 Graeco
1369 2046 1549 2084 adverbio
1583 2044 1722 2096 μόνως,
1762 2044 1882 2083 libros

191 2129 359 2154 excusos
393 2121 520 2154 autem
557 2122 753 2166 praestare
786 2116 911 2167 μόνον.
975 2117 1133 2155 Rectius
1168 2117 1233 2167 Sp.
1270 2117 1492 2167 suspicatur
1524 2117 1775 2166 interpretem
1804 2110 1882 2166 ἰδίᾳ

190 2186 396 2225 invenisse.
448 2186 530 2224 Nisi
564 2187 600 2224 in
634 2200 745 2225 versu
778 2191 829 2227 23
864 2188 1010 2226 Graeco
1045 2189 1231 2226 vocabulo
1265 2183 1464 2241 ἀγαπητόν
1497 2189 1625 2226 solum
1658 2187 1883 2226 amabile

190 2258 451 2307 responderet,
476 2258 641 2296 dicerem
665 2258 913 2308 interpretem
937 2259 994 2304 (nt
1017 2259 1229 2297 Muretmn:
1255 2260 1357 2309 qnod
1381 2272 1503 2298 unum
1526 2272 1570 2297 ac
1595 2259 1721 2297 solum
1746 2271 1881 2297 carum

190 2326 372 2378 habebat)
405 2328 636 2367 adiectivnm
670 2329 794 2367 verbis
829 2329 1165 2378 singulariter
1198 2331 1415 2369 amabile
1447 2330 1619 2369 vertisse.

942 2448 1068 2498 Caput
1101 2451 1138 2489 8.

335 2544 443 2582 1365
471 2543 493 2580 b
517 2544 565 2581 31
595 2543 709 2588 (208,
737 2542 805 2589 11)
840 2542 929 2592 qnid
955 2543 1087 2593 ntique
1119 2542 1188 2581 erit
1226 2565 1272 2568 —-
1311 2543 1359 2580 A⁰
1391 2538 1423 2578 τί
1455 2537 1552 2579 eote)
1585 2537 1630 2579 ἂν
1664 2533 1707 2581 εἷ.
1753 2541 1881 2590 QYZ:

190 2607 234 2649 ἂν
267 2607 338 2664 εἴη.
401 2612 594 2662 interpres
628 2613 762 2661 igitur:
806 2625 837 2650 τι
869 2609 914 2650 ἂν
947 2609 1017 2666 εἴη,
1052 2620 1091 2652 ut
1126 2627 1203 2653 sec.
1238 2627 1377 2652 manns
1410 2613 1446 2652 in
1482 2614 1531 2652 ΑΟ
1563 2613 1732 2664 scripsit.
1796 2613 1882 2652 Non

190 2688 372 2722 accurata
404 2683 518 2731 igitur
552 2690 653 2730 snnt,
689 2698 788 2734 qnae
811 2685 979 2735 Spengel
1001 2685 1042 2729 Π,
1072 2685 1150 2724 132
1187 2684 1289 2722 dicit.
1324 2680 1377 2733 (M
1397 2684 1424 2722 E
1453 2685 1638 2733 praebent
1660 2697 1737 2723 non
1760 2683 1881 2734 quid,

191 2756 257 2794 sed
292 2761 477 2801 antem,
512 2755 547 2792 M
581 2752 707 2804 qna).

335 2829 443 2866 1365
469 2828 491 2864 b
516 2830 567 2866 33
604 2822 718 2876 (208,
747 2823 818 2876 14)
851 2826 887 2864 in
922 2825 1215 2864 honorabilibus
1250 2821 1383 2878 (scrib.
1419 2820 1801 2878 iionorabilitatibus)
1829 2845 1876 2851 -—

189 2891 266 2935 ἀπὸ
299 2897 532 2949 τιμημάτων).
568 2897 756 2948 interpres
790 2891 850 2935 ἐπὶ
883 2898 1023 2947 legisse
1055 2897 1217 2938 videtur.
