2056 3326
5 1091 14 1098 ¹
3 1036 44 1057 ‘f
6 966 39 1019 ὴ(

861 118 1143 162 ...55-

293 253 400 295 1361
426 265 449 292 a
471 254 521 294 21
560 248 676 304 (196.
701 254 743 298 8)
776 252 829 293 ita
861 253 964 304 quod
997 257 1223 292 remaneant
1256 252 1328 292 sibi
1356 272 1403 281 -
1429 254 1494 291 τοῦ
1523 263 1561 291 τε
1589 246 1715 291 οἰκεῖα
1746 248 1849 291 εἶναι·

294 324 400 366 1361
427 336 449 363 a
472 326 525 366 29
557 320 675 374 (196,
703 324 772 370 16)
806 337 883 364 non
918 324 1047 363 solunt
1072 324 1138 363 sed
1167 345 1211 351 --
1239 316 1284 361 οῗ)
1315 322 1392 376 μὴν
1424 318 1540 362 ἀλλά.
1575 324 1711 364 Utrum
1735 323 1849 376 μόνον

60 392 68 399 ’
115 443 118 449 ,
148 393 337 436 invenerit
367 407 417 433 an
449 393 538 447 μήν.
579 408 716 446 parurn
750 395 880 447 liquet.

286 467 393 507 1861
430 479 452 504 a
486 467 540 507 30
573 467 687 513 (196,
716 467 784 511 17)
824 479 923 517 quae
946 459 1004 519 (ἡ)
1038 467 1084 506 ad
1119 466 1350 512 sanitatem,
1386 466 1414 505 E
1439 480 1496 506 ni:
1533 467 1698 506 sulutem
1736 488 1781 492 ---
1820 461 1846 518 ἢ

0 554 2 601 5
61 508 72 566 i·
126 499 202 581 'el-G
232 529 435 590 σωτηρίαν.

291 610 398 649 1361
435 621 457 647 a
491 611 544 649 32
579 608 694 657 (196,
723 609 792 653 19)
825 622 901 647 non
936 609 1054 648 male:
1090 615 1180 647 tnnc
1213 606 1285 658 (Ξ
1318 606 1417 659 τότε)
1453 630 1497 635 -
1537 608 1637 647 ποτὲ.

292 682 398 721 1361
437 680 460 718 1)
494 684 517 720 9
552 681 667 727 (197,
693 681 735 721 8)
770 680 896 719 videre
929 686 963 719 ot
997 681 1044 719 ad
1082 701 1129 707 —
1164 674 1254 717 ἰδεῖν
1287 679 1393 731 πρός.

292 753 398 792 1361
427 751 450 789 b
473 753 525 791 22
550 751 664 797 (197,
691 752 762 793 23)
797 752 938 790 etenim
973 753 1080 791 volox
1117 752 1302 790 robustus
1335 751 1489 801 quidem
1523 757 1581 790 est
1614 773 1653 777 —
1686 749 1848 800 καὶγὰρ

146 814 169 859 ὁ
198 819 322 874 ταχὺς
350 815 514 874 iay-⁹96:
545 815 652 858 ἐστιν.
685 821 869 860 Morolius
903 823 992 872 legit
1027 824 1249 873 quirinum
1283 823 1374 861 «licii
1406 822 1530 861 enini:
1567 827 1702 868 „vetus
1735 823 1848 861 inter-

149 905 238 944 pres
261 892 397 932 habuit
419 891 458 931 in
481 905 552 930 suo
576 892 709 930 codice
738 886 900 944 ἰσχυρός
922 892 975 936 τίς
997 887 1072 930 ἐστι
1102 901 1138 932 nl
1173 900 1207 932 ot
1232 893 1354 932 schol.
1379 894 1593 932 G1·aemis“.
1628 894 1847 932 Pronornen

146 961 201 1008 τὶς
233 963 366 1004 sensui
398 964 496 1003 bene
528 963 719 1003 convenit.
1808 949 1818 959 ⁶

290 1037 398 1076 1361
435 1035 459 1074 b
492 1037 542 1075 27
580 1034 788 1081 (197,27)
831 1040 886 1072 ost
923 1035 1076 1085 quidem
1117 1057 1161 1062 —
1200 1030 1295 1076 ἐστῑς
1341 1036 1529 1086 particula
1567 1034 1634 1086 μὲν
1668 1035 1727 1073 liic
1771 1047 1847 1073 non

147 1105 249 1146 male
283 1105 450 1156 ponitur.

289 1179 395 1218 1361
434 1177 457 1215 b
491 1180 544 1217 30
579 1178 693 1224 (198,
723 1178 761 1217 1)
795 1184 830 1215 et
865 1190 939 1215 non
974 1178 1159 1226 longevus
1187 1198 1235 1204 —-
1270 1176 1337 1214 καὶ
1371 1174 1639 1229 πολ·)χρο’νιος.
1674 1177 1846 1227 Scriptu-

147 1261 232 1288 ram
264 1241 354 1285 οὔδε-Ξ
388 1249 545 1299 praebet
577 1249 693 1287 etiarn
731 1249 854 1288 schol.

293 1321 400 1360 1361
438 1320 461 1358 b
495 1322 546 1359 37
582 1321 698 1367 (198,
727 1321 766 1366 7)
800 1333 863 1358 oin
897 1313 1021 1356 αὔτῶν
1053 1325 1089 1358 et
1122 1320 1159 1358 in
1194 1321 1372 1370 proximo
1407 1334 1517 1359 versu
1551 1316 1698 1370 ἄνδρες.

298 1393 408 1432 1362
444 1405 466 1430 a
500 1394 523 1431 8
558 1392 673 1438 (198,
703 1391 770 1437 17)
804 1391 913 1429 Unus
947 1396 1076 1429 auten]
1111 1412 1165 1417 -—
1198 1386 1218 1428 ὁ
1250 1387 1302 1428 δέ.

295 1463 405 1503 1362
439 1476 461 1501 a
495 1464 518 1502 8
554 1463 669 1510 (198,
697 1461 768 1508 18)
802 1467 838 1501 et
871 1462 901 1501 si
936 1461 1000 1500 alii
1035 1462 1257 1502 nescierunt
1292 1483 1341 1489 -—
1377 1457 1401 1515 ἢ
1434 1455 1469 1499 οἱ
1501 1458 1614 1500 ἄλλοι
1645 1460 1699 1514 μὴ
1733 1456 1848 1507 affirm

149 1533 317 1574 fortasse
349 1533 460 1583 legit:
500 1528 655 1584 ᾔδεσαν.

900 1604 1026 1655 Caput
1060 1608 1097 1645 6.

294 1678 404 1718 1362
439 1689 461 1715 a
495 1680 548 1718 25
583 1676 698 1724 (199,
726 1677 766 1723 7)
801 1676 993 1727 lnterpres
1027 1689 1181 1715 versum
1215 1689 1292 1714 oin.

292 1749 401 1788 1362
435 1761 458 1786 a
492 1750 542 1788 27
579 1748 692 1794 (199,
721 1749 760 1789 7)
794 1748 867 1787 hoc
899 1748 1003 1787 eniin
1039 1769 1088 1774 —
1124 1746 1234 1785 τοῦτό
1266 1742 1369 1792 ἐπες
1398 1748 1481 1787 est?

292 1821 403 1860 1362
436 1833 458 1857 a
493 1821 544 1859 28
580 1820 694 1866 (199,
730 1819 771 1865 9)
804 1819 941 1858 horum
984 1841 1027 1847 -
1064 1823 1136 1856 τῶν
1169 1817 1358 1860 τοιοῦτων,

292 1892 402 1931 1362
436 1903 459 1929 a
492 1892 545 1930 38
580 1891 694 1938 (199,
732 1891 800 1935 19)
833 1892 974 1930 desunt
1006 1892 1109 1941 apud
1142 1891 1391 1942 interpretem
1425 1891 1501 1929 duo
1535 1904 1683 1932 versus

290 1963 401 2003 1362
436 1962 459 2000 b
495 1964 547 2002 10
581 1962 695 2009 (199,
732 1963 802 2009 27)
837 1962 1059 2001 felicitatem
1094 1984 1148 1989 -
1182 1956 1406 2014 εὔδαιμονῐα
1439 1963 1592 2001 rectius.

290 2034 399 2074 1362
433 2033 458 2071 b
494 2035 545 2073 16
579 2035 694 2081 (200,
731 2035 772 2080 2)
806 2047 926 2084 quum
963 2056 991 2060 —
1048 2028 1120 2071 ὅτιε
1154 2034 1235 2073 ille:
1270 2028 1378 2072 ὲπείῗ

292 2106 402 2144 1362
427 2104 451 2142 1)
475 2108 530 2145 24
563 2105 678 2151 (200,
710 2105 778 2150 10)
812 2106 938 2144 bonae
970 2105 1220 2155 aptitudines,
1256 2106 1479 2152 memoriae,
1513 2106 1646 2145 faciles
1679 2106 1848 2156 discipli-

147 2179 262 2214 natus
287 2195 337 2201 —
363 2168 512 2228 εὒφνὶἷα,
545 2179 706 2228 μνῆμαι,
738 2170 932 2227 εὒμάθεια
964 2177 1110 2227 aliquid
1144 2177 1305 2224 rectius:
1339 2183 1380 2216 et
1414 2183 1502 2216 ante
1535 2177 1700 2217 omnia
1733 2177 1848 2216 Grae-

146 2245 204 2285 cis
235 2245 356 2286 deest.

291 2320 401 2359 1362
436 2318 460 2356 b
493 2320 545 2358 32
581 2318 695 2365 (200,
724 2319 791 2364 17)
825 2331 889 2356 oni
922 2318 1117 2371 δ’)μφέρει.

291 2391 400 2430 1362
435 2389 458 2427 b
492 2392 545 2429 36
579 2390 693 2436 (200,
731 2390 801 2435 22)
834 2390 968 2428 eadem
1005 2411 1054 2416 —
1090 2383 1222 2434 ταῦτὸς
1255 2391 1288 2437 Q
1320 2393 1450 2427 ταῦτα.

291 2462 400 2501 1363
434 2473 457 2498 a
490 2462 514 2500 3
556 2462 670 2507 (200,
706 2461 777 2502 26)
819 2465 885 2499 aut
927 2461 1047 2499 multa
1091 2466 1182 2500 sunt
1223 2474 1397 2511 expensa
1431 2482 1481 2487 —
1516 2456 1540 2513 τ’,
1579 2458 1846 2514 δεδαπάνηται.

148 2529 264 2569 Haud
295 2530 376 2570 scio
409 2545 458 2570 an
493 2545 564 2570 suo
588 2532 711 2570 Marte
743 2531 934 2582 interpres
968 2531 1199 2570 adiectivuni
1232 2532 1438 2582 repetierit.
1478 2532 1577 2571 Nam
1602 2534 1749 2572 similes
1772 2532 1847 2571 loci

147 2604 227 2639 tam
259 2613 378 2652 saepe
410 2602 523 2642 nobis
555 2608 779 2649 occurrunt,
814 2608 853 2641 ut
888 2603 1063 2653 suspicio
1099 2608 1311 2644 moveatur.

292 2674 402 2713 1363
435 2686 458 2712 a
492 2677 514 2714 5
549 2674 663 2721 (200,
690 2675 760 2721 25)
793 2674 896 2713 dedit
929 2675 1092 2724 gloriam
1117 2695 1164 2700 -—-
1192 2670 1282 2710 κὰδ’
1307 2670 1348 2710 δέ
1380 2684 1446 2710 κεν
1477 2668 1675 2727 εὖχωλήνς
1711 2678 1734 2715 6
1759 2676 1846 2722 (29)

147 2746 260 2793 turpe
296 2762 346 2769 —-
380 2737 543 2796 αἰσχρόν
573 2755 646 2782 τοι·
681 2745 855 2784 Varietas
882 2746 1017 2784 Latina
1050 2745 1196 2783 nullius
1231 2759 1392 2795 prorsus
1424 2751 1483 2784 est
1517 2746 1721 2793 monienti3
1756 2760 1846 2785 nam

147 2811 347 2864 interpreti
379 2814 496 2855 dictio
529 2821 730 2865 poetarum
768 2817 882 2867 plane
915 2821 996 2855 erat
1028 2816 1172 2866 ignota,
1208 2816 1243 2855 id
1267 2817 1369 2869 quod
1392 2817 1574 2856 omnibus
1601 2817 1698 2856 locis
1721 2817 1847 2856 videre

146 2884 249 2934 licet,
283 2885 424 2937 quibus
459 2890 661 2939 poetarum
692 2900 828 2929 versus
860 2888 1079 2929 laudantur.
